3620 5680
1409 475 1621 571 (518)
2414 502 2544 577 199

495 700 556 760 in
587 700 683 761 via
705 696 1070 776 obfisterent,
1099 720 1223 760 non
1241 714 1479 761 tantum
1501 699 1690 782 spolia
1704 700 1824 763 illis
1844 701 2093 783 pacifice
2111 705 2552 785 concedebant,

494 785 590 849 sed
615 785 656 847 fi
678 788 822 869 quid
850 791 1067 870 praedae
1090 785 1198 871 ipfi
1222 789 1612 852 immemores
1642 789 2078 872 relinquerent,
2109 794 2549 873 praedatoribus

493 875 667 938 h’lari
693 876 865 938 vultu
887 877 1290 959 porrigebant.
1315 875 1411 939 Illi
1436 892 1640 939 autem
1657 878 1835 939 viden
1846 894 1933 941 tes
1958 878 2299 942 sanctorum
2324 882 2547 945 bonam

494 898 959 1047 filmplicitatem,
982 966 1220 1026 veniam
1247 965 1640 1047 supplicando
1658 964 2137 1046 commissorum,
2160 991 2283 1031 non
2306 986 2545 1032 tantum

492 1054 824 1116 reddebant
845 1057 930 1118 eis
953 1054 1070 1134 sua,
1100 1055 1194 1117 sed
1221 1077 1326 1117 eos
1349 1055 1776 1117 conducebant
1798 1055 2131 1138 usquedum
2164 1061 2552 1138 pervenirent

493 1143 564 1205 ad
597 1158 743 1206 tuta.
789 1144 1225 1207 Consummato
1257 1143 1501 1205 tandem
1533 1145 1765 1207 itineris
1789 1145 1980 1224 cursu,
2004 1143 2387 1231 Ierosolimam
2412 1171 2549 1229 per-

493 1249 800 1295 venerunt.
866 1231 1114 1318 Quibus
1161 1233 1470 1294 civitatem
1513 1233 1990 1312 introeuntibus,
2039 1237 2306 1297 occurrit
2348 1239 2548 1300 omnis

494 1320 755 1401 populus
788 1320 1093 1402 psallendo
1116 1324 1178 1381 in
1201 1322 1452 1383 canticis
1477 1320 1535 1382 δι
1557 1322 1799 1403 hymnis
1823 1322 1995 1404 super
2016 1323 2278 1385 adventu
2306 1347 2520 1387 eorum
2530 1354 2550 1402 3
2599 1359 2606 1365 -
2637 1369 2642 1373 .

493 1407 555 1469 δι’
580 1409 662 1470 ita
689 1430 831 1470 cum
861 1408 1085 1471 celebri
1116 1429 1344 1491 pompa
1372 1409 1660 1470 conduE'ti
1692 1408 1825 1471 sunt
1855 1411 1914 1472 in
1940 1410 2238 1493 templum
2266 1412 2547 1477 Domini.

495 1496 628 1581 Qui
672 1498 948 1580 quamvis
1001 1513 1170 1558 tanto
1226 1498 1442 1559 itinere
1482 1498 1788 1579 defatigati
1847 1496 2115 1577 fuiffent,
2167 1521 2291 1561 non
2338 1502 2549 1564 mollia

491 1585 666 1647 strata
695 1586 1053 1668 quaefierunt
1091 1585 1191 1647 ubi
1235 1586 1631 1669 quiescerent,
1672 1586 1768 1648 sed
1812 1588 1873 1647 in
1915 1588 2081 1649 nudo
2130 1588 2340 1671 templi
2375 1593 2543 1672 pavi-

491 1689 699 1735 mento
752 1671 1057 1755 prostrati,
1105 1674 1303 1736 triduo
1349 1695 1559 1755 preces
1610 1674 1737 1736 suas
1787 1676 2331 1755 continuaverunt,
2388 1681 2542 1741 adeo
2587 1705 2590 1710 ·

490 1763 755 1827 coelestia
791 1764 1275 1845 contemplantes
1313 1766 1475 1845 quod
1520 1779 1899 1826 terrenorum
1941 1765 2181 1845 penitus
2211 1763 2396 1829 effent
2428 1768 2543 1828 im-

490 1873 807 1914 memoreS.
852 1849 1092 1913 Interea
1131 1867 1294 1915 totus
1326 1852 1522 1915 clerus
1553 1868 1780 1914 attente
1810 1852 2187 1934 expe&abat‚
2229 1855 2332 1936 qui
2377 1855 2543 1918 sanc-

489 1958 691 2003 torum
723 1962 905 2024 quam
946 1940 1145 2002 sedem
1176 1942 1452 2002 oratione
1489 1940 1659 2002 finita
1694 1938 1798 2001 fibi
1832 1940 2142 2022 eligerent,
2185 1958 2252 2003 ut
2282 1945 2343 2003 in
2374 1944 2537 2007 elec-

490 2032 653 2092 tione
684 2030 912 2091 sedium
941 2044 1241 2107 notarent,
1270 2026 1419 2090 ficut
1447 2028 1688 2092 coelitus
1719 2049 1824 2110 per
1854 2029 2164 2110 Angelum
2196 2034 2536 2111 praemoniti

488 2120 742 2195 fuerant,
773 2139 956 2200 quem
986 2116 1230 2178 illorum
1259 2119 1490 2179 caeteris
1521 2118 1840 2199 praelatum
1869 2116 2321 2181 constituerent.

571 2232 595 2264 «
633 2206 825 2268 Erant
868 2207 928 2267 in
975 2206 1206 2287 templo
1239 2206 1310 2267 ab
1350 2206 1613 2287 antiquis
1656 2205 2033 2287 temporibus
2078 2220 2199 2269 tres
2237 2211 2542 2273 cathedrae

488 2295 814 2358 senioribus
844 2295 1201 2357 constitutae.
1248 2293 1410 2355 Duae
1438 2293 1677 2356 diverfis
1710 2293 1971 2357 metallis
2002 2294 2060 2355 &
2089 2294 2244 2357 miro
2276 2298 2538 2361 artificio

488 2384 809 2461 fabricatae,
831 2383 1003 2445 tertia
1024 2384 1272 2444 cedrina
1291 2382 1443 2443 nihil
1467 2382 1663 2443 ornati
1683 2381 1911 2443 habens
1934 2382 2301 2445 extrinsecus
2321 2403 2540 2465 praeter

487 2475 606 2534 hoc
623 2472 787 2555 quod
805 2488 1016 2534 natura
1032 2472 1296 2532 dederat.
1331 2469 1545 2556 Quam
1566 2469 1866 2531 humilem
1886 2469 2135 2532 humilis
2152 2470 2335 2533 Eliud
2357 2473 2540 2558 elegit

488 2559 590 2623 fibi
622 2563 683 2623 in
714 2561 934 2638 sedem,
972 2557 1364 2642 preciofiores
1394 2559 1740 2620 concedens
1777 2558 2059 2621 fratribus
2092 2576 2338 2641 propter
2366 2583 2537 2625 reve-

486 2650 756 2710 rentiam.
791 2647 944 2735 Quo
968 2648 1091 2709 viso
1122 2669 1334 2710 omnes
1366 2647 1452 2708 illi
1477 2647 1579 2730 qui
1604 2646 1856 2708 aderant
1876 2645 2231 2708 ceciderunt
2259 2647 2319 2710 in
2352 2649 2536 2715 facies

487 2736 613 2799 suas
631 2754 766 2800 ante
785 2738 1053 2799 sandtum
1071 2736 1278 2815 Eliud,
1295 2736 1589 2798 dicentes:
1621 2761 1644 2792 «
1669 2735 1863 2813 Salve,
1879 2734 2079 2796 sand'te
2098 2734 2219 2797 Dei
2237 2736 2539 2819 Teliawe,

490 2852 515 2883 «ι
545 2825 603 2888 &
620 2827 892 2889 concede
911 2844 976 2890 ut
991 2826 1230 2888 valeant
1246 2825 1423 2888 nobis
1443 2842 1560 2887 tuae
1584 2845 1795 2907 preces
1821 2826 1976 2907 apud
1998 2823 2345 2887 Dominum
2355 2853 2373 2902 3
2398 2828 2540 2910 quia

491 2942 515 2974 e
544 2917 727 2979 hodie
751 2938 874 2998 prae
897 2916 1125 2978 caeteris
1148 2915 1499 2977 sublimatus
1521 2936 1584 2977 es
1608 2915 2013 2978 confratribus
2038 2916 2175 2993 tuis,
2193 2912 2451 2978 refidens
2476 2915 2538 2975 in

491 3031 516 3063 «
546 3005 676 3067 sede
697 3005 952 3067 Domini
970 3003 1152 3066 nostri
1177 3002 1306 3065 lesu
1325 3004 1567 3082 Christi,
1589 3004 1650 3064 in
1668 3025 1789 3086 qua
1804 3005 2077 3085 patribus
2092 3004 2305 3079 nostris
2323 3004 2540 3086 praedi-

490 3119 516 3152 <z
545 3094 717 3155 cabat
738 3114 988 3175 regnum
1009 3092 1150 3154 Dei.
1174 3116 1199 3149 »
1228 3091 1311 3154 Et
1323 3107 1693 3175 rogaverunt
1709 3113 1870 3170 eum,
1887 3093 2171 3174 quatinus
2190 3094 2263 3153 ad
2288 3092 2540 3153 instruc-

487 3185 713 3245 tionem
753 3183 1044 3244 virtutum
1093 3180 1444 3262 parabolam
1485 3180 1571 3242 eis
1602 3180 1833 3242 diceret
1860 3181 1935 3240 de
1967 3180 2242 3256 Christo;
2285 3195 2352 3242 ut
2388 3178 2539 3242 ficut

486 3271 655 3333 illum
676 3272 942 3332 imitatus
967 3271 1160 3331 fuerat
1182 3270 1244 3331 in
1268 3268 1556 3331 cathedra
1570 3265 1906 3346 refidendO,
1920 3269 2183 3329 eundem
2198 3269 2540 3330 imitaretur

464 3359 545 3419 in
586 3359 994 3440 praedicandO.
1041 3355 1177 3441 Qui
1211 3358 1424 3419 videns
1455 3378 1730 3418 amorem
1759 3357 1949 3418 divini
1978 3356 2146 3417 verbi
2183 3355 2435 3437 flagrare
2473 3357 2534 3417 in

483 3448 766 3509 cordibus
789 3467 1021 3524 eorum,
1050 3447 1207 3507 miro
1247 3447 1436 3506 modo
1467 3444 1921 3523 sollicitabatur,
1949 3466 2075 3507 non
2099 3444 2262 3526 quod
2288 3444 2540 3508 nesciret

484 3536 647 3618 quod
679 3535 947 3612 doceret,
976 3533 1070 3595 sed
1103 3532 1419 3595 dubitabat
1448 3533 1611 3615 quod
1642 3549 2003 3615 rogaverant
2032 3532 2287 3616 qualiter
2315 3532 2400 3594 eis
2429 3553 2535 3593 ex-

483 3621 736 3703 pediret,
773 3644 915 3684 cum
956 3620 1176 3705 linguae
1218 3621 1465 3683 illorum
1495 3621 1738 3702 penitus
1766 3641 1982 3702 expers
2013 3618 2226 3681 fuiffet.
2268 3617 2536 3702 Incoepit

486 3727 685 3773 tamen
718 3711 950 3773 sanetus
983 3710 1168 3774 sacras
1200 3710 1532 3792 Scripturas
1563 3730 1893 3791 exponere,
1922 3724 1989 3770 ut
2019 3708 2372 3770 satisfaceret
2401 3708 2538 3790 sup-

483 3799 731 3881 plicanti
762 3798 1026 3882 populo;
1057 3802 1140 3860 ita
1168 3814 1235 3861 ut
1258 3798 1658 3881 unusquisque
1681 3796 2235 3860 circumastantium
2257 3797 2538 3859 audirent

484 3888 654 3949 illum
678 3889 778 3949 sua
797 3888 1004 3969 lingua
1026 3886 1400 3970 loquentem.
1434 3887 1677 3951 Omnes
1698 3902 1902 3949 autem
1922 3887 2025 3968 qui
2051 3907 2193 3947 eum
2213 3886 2540 3948 audiebant

483 3978 927 4057 praedicantem,
949 3992 1114 4038 tanta
1135 3975 1458 4038 dulcedine
1485 3975 1771 4036 sermonis
1795 3973 1956 4035 illius
1980 3973 2114 4036 sunt
2128 3973 2347 4051 affetsti,
2368 3975 2534 4057 quod

484 4066 541 4126 in
560 4081 854 4148 quantum
869 4086 1011 4127 eum
1031 4064 1258 4127 diutius
1276 4064 1574 4143 audirent,
1598 4063 1787 4144 magis
1806 4061 2111 4143 magisque
2135 4060 2310 4123 illum
2331 4063 2537 4123 audire

483 4153 898 4217 defiderarent.
941 4152 1056 4215 Sed
1081 4152 1328 4214 tandem
1350 4152 1670 4236 postquam
1693 4150 1902 4213 refeffi
1927 4149 2059 4212 sunt
2081 4146 2341 4212 univerfi
2365 4150 2538 4232 sapo-

484 4242 656 4306 rifera
682 4241 842 4304 illius
867 4241 1167 4320 doc'Itrina,
1195 4262 1273 4304 ne
1304 4239 1671 4324 praedicandi
1693 4239 1966 4302 officium
1984 4238 2292 4302 videretur
2320 4237 2539 4321 praesu-
