3620 5680
1312 490 1526 590 (326)
1708 491 1710 493 ’
2401 509 2494 594 39

440 734 519 795 ita
558 731 813 794 sacratus
860 731 1080 793 divinis
1121 729 1383 812 vestigiis
1426 730 1669 808 dicitur,
1718 745 1785 791 ut
1813 750 2153 813 numquam
2181 731 2305 814 tegi
2333 726 2511 793 mar-'

439 842 607 883 more
647 820 837 903 paviri
881 819 1198 901 receperit,
1247 820 1481 900 semper
1523 818 1773 882 excussis
1808 818 1935 882 solo
1980 818 2316 902 respuente,
2358 842 2494 902 quae

438 931 648 972 manus
691 909 1032 970 adornandi
1071 907 1267 970 studio
1314 909 1571 971 tentavit
1621 929 1946 990 apponere.
1996 907 2211 992 Itaque
2255 910 2317 971 in
2361 925 2494 972 toto

439 995 688 1060 bafilicae
719 997 909 1079 spatio
941 995 1099 1059 solus
1129 997 1190 1058 in
1222 995 1305 1058 sui
1335 995 1574 1079 cespitis
1603 995 1800 1079 specie
1828 998 2031 1061 virens
2063 1013 2407 1079 permanet3
2437 997 2497 1060 &

436 1084 779 1169 impressam
810 1087 1162 1147 divinorum
1193 1076 1420 1167 pedum
1447 1087 1908 1148 venerationem
1936 1086 2152 1149 calcati
2184 1085 2328 1149 Deo
2359 1085 2497 1169 pul-

435 1176 590 1238 veris
621 1174 936 1257 perspicua
957 1171 1129 1235 simul
1153 1174 1213 1237 δε
1241 1174 1470 1256 attigua
1496 1175 1925 1237 venerantibus
1956 1197 2135 1238 arena
2163 1175 2497 1255 conservat,

436 1280 502 1326 ut
545 1286 689 1327 vere
711 1263 832 1325 dici
871 1262 1074 1345 poffit:
1111 1288 1136 1320 α
1180 1264 1595 1326 Adoravimus
1625 1263 1728 1325 ubi
1770 1263 2063 1327 steterunt
2093 1265 2277 1347 pedes
2306 1266 2435 1327 eius
2462 1286 2492 1325 »

436 1352 692 1435 (psalm,
721 1371 938 1430 cxxx1,
967 1361 1044 1434 7).

515 1467 542 1499 α
578 1441 694 1504 Sed
725 1442 788 1503 in
816 1440 1061 1502 historia
1088 1441 1287 1503 crucis
1316 1441 1576 1522 accipite
1620 1462 1911 1524 magnum
1941 1440 2001 1503 &
2027 1462 2172 1504 vere
2220 1443 2497 1505 divinum

435 1528 819 1592 miraculum.
862 1528 1102 1611 Regina
1143 1527 1246 1590 illa
1281 1528 1662 1607 venerabiliS,
1705 1544 1773 1591 ut
1808 1530 1981 1592 venit
2024 1530 2499 1617 Hierosolymam,

435 1618 756 1701 diligenter
805 1617 865 1680 &
915 1619 1015 1700 pie
1064 1616 1217 1680 locis
1279 1616 1406 1680 illic
1455 1616 1515 1679 &
1566 1618 1727 1680 circa
1777 1619 2094 1697 omnibus,
2147 1619 2497 1682 divinorum

435 1705 669 1769 curiosa
697 1703 1042 1789 insignium,
1070 1705 1130 1768 &
1158 1706 1354 1768 oculis
1383 1706 1623 1768 haurire
1651 1705 1909 1788 gestiens
1938 1706 2126 1768 fidem
2166 1729 2351 1791 quam
2382 1710 2496 1791 piis

435 1794 676 1857 auribus
720 1794 1048 1878 litterisque
1097 1809 1470 1877 perceperat,
1517 1812 1763 1855 crucem
1794 1792 2056 1856 Domini
2085 1794 2497 1861 studiofiffime

435 1885 737 1966 inquirere
759 1883 968 1946 adorsa
996 1883 1096 1946 est.
1127 1884 1241 1947 Sed
1267 1905 1404 1965 quae
1430 1882 1530 1943 via
1549 1880 1648 1943 vel
1673 1883 1829 1944 ratio
1854 1883 2204 1946 inveniendi
2229 1883 2498 1965 subesset,

434 1993 575 2033 cum
618 1972 802 2034 index
845 1973 1101 2035 idoneus
1144 1994 1328 2033 nemo
1371 1971 1629 2032 inveniri
1663 1968 1872 2052 poffet,
1912 1972 2015 2034 ubi
2046 1975 2408 2036 memoriam
2438 1974 2499 2038 &

433 2080 640 2123 curam
690 2060 984 2145 religiosae
1042 2062 1428 2125 conscientiae
1478 2060 1575 2121 vel
1625 2059 2016 2123 observantiae
2062 2061 2122 2124 &
2170 2063 2498 2146 antiquitas

432 2150 543 2211 aevi
594 2148 655 2212 &
692 2148 1125 2232 superstitionis
1169 2150 1371 2230 impiae
1415 2149 1780 2211 diuturnitas
1821 2148 2207 2213 abolevisset?
2260 2152 2499 2214 Verum

435 2237 558 2318 ipso
602 2239 882 2300 omnium
912 2238 972 2301 &
1014 2239 1188 2301 terris
1219 2239 1276 2300 δι
1309 2239 1523 2299 animis
1570 2253 1933 2319 opertorum
1976 2237 2326 2302 conscio&
2356 2239 2498 2302 teste

436 2324 740 2406 Domino,
767 2326 964 2389 fidelis
1007 2326 1226 2388 mulier
1253 2327 1524 2388 sanetum
1554 2326 1847 2408 Spiritum
1879 2348 1984 2409 per
2011 2327 2296 2389 affmstnm
2329 2329 2499 2410 pium

434 2415 687 2476 meruit:
721 2437 844 2498 quo
868 2414 1186 2497 aspirante,
1215 2437 1357 2477 cum
1387 2436 1515 2476 rem
1547 2415 1621 2477 ab
1650 2415 1919 2476 humana
1945 2415 2316 2479 conscientia
2344 2418 2499 2479 divi-

432 2503 595 2565 nitus
639 2518 939 2565 remotam
988 2502 1202 2565 frustra
1251 2503 1509 2586 diligens
1554 2500 1903 2586 requisisset,
1954 2503 2029 2565 de
2071 2504 2213 2565 loco
2262 2519 2499 2565 tantum

436 2591 714 2672 paffionis
743 2592 968 2653 certior
994 2591 1127 2654 fieri
1151 2592 1396 2654 studuit.
1426 2588 1642 2674 Itaque
1665 2612 1791 2653 non
1822 2590 2016 2652 solum
2042 2592 2115 2654 de
2140 2591 2500 2656 Christianis

434 2679 715 2742 do&rina
743 2680 803 2743 &
829 2680 1139 2743 sanffitate
1186 2681 1400 2763 plenos
1438 2680 1625 2758 viros,
1669 2679 1764 2741 sed
1796 2680 1854 2741 &
1887 2680 1960 2741 de
1997 2677 2218 2744 Iudaeis
2263 2680 2500 2763 peritis-

433 2767 630 2847 fimoS,
662 2784 731 2831 ut
759 2770 1042 2851 propriae,
1071 2790 1192 2853 qua
1220 2768 1414 2831 miseri
1439 2768 1499 2831 &
1520 2767 1878 2852 gloriantur,
1908 2770 2238 2852 impietatis
2269 2770 2500 2833 indices

435 2855 772 2940 exquisivit,
835 2858 896 2921 &
944 2860 1171 2921 accitos
1231 2860 1290 2921 in
1338 2858 1789 2949 Hierosolymam
1853 2859 2263 2943 congregavit.
2322 2859 2500 2921 Turn

433 2946 713 3007 omnium
760 2968 879 3009 una
926 2948 1000 3009 de
1031 2947 1170 3009 loco
1202 2946 1635 3009 testificationis
1680 2947 1767 3028 (id
1802 2949 1880 3028 ‘1'st
1917 2948 2184 3029 martyrij
2213 2948 2325 3035 seu
2369 2946 2499 3030 pas-

434 3031 634 3113 sionis,
683 3049 747 3097 ut
764 3036 983 3122 supra)
1031 3036 1410 3115 confirmata,
1458 3035 1614 3097 iuffit
1641 3035 1829 3114 illico,
1876 3052 2130 3118 urgente
2159 3033 2282 3097 fine
2312 3036 2500 3097 dubio

434 3140 756 3205 conceptae
785 3123 1177 3187 revelationis
1213 3124 1515 3202 instinctu,
1548 3125 1608 3185 in
1643 3123 1846 3206 ipsum·
1865 3124 2074 3185 locum
2104 3145 2358 3206 operam
2385 3123 2503 3186 fos-

434 3209 614 3274 sionis
678 3213 948 3295 accingi3
1009 3228 1334 3295 parataque
1386 3235 1532 3274 mox
1589 3213 1818 3274 civium
1878 3214 2102 3294 pariter
2149 3213 2209 3276 &
2253 3212 2497 3275 militari

433 3321 644 3379 manu,
675 3302 845 3363 brevi
875 3301 1146 3363 laborem
1183 3301 1714 3364 istiusmolitionis
1743 3298 1967 3378 haufit;
2008 3302 2069 3365 &
2096 3317 2310 3363 contra
2337 3300 2502 3384 spem

435 3390 748 3468 omnium,
804 3388 901 3452 sed
952 3389 1280 3452 secundum
1334 3389 1512 3471 ipsius
1569 3405 1806 3451 tantum
1856 3390 2082 3473 reginae
2129 3388 2335 3468 fidem,
2382 3390 2503 3452 alta

432 3476 744 3560 egestione
771 3476 1044 3541 reseratis
1078 3493 1248 3540 terrae
1276 3476 1518 3555 finibus,
1561 3478 1781 3540 abditae
1809 3478 2010 3541 crucis
2040 3492 2259 3540 arcana
2286 3494 2500 3560 patue-

435 3581 595 3628 runt.
629 3566 745 3628 Sed
778 3588 923 3627 cum
954 3582 1071 3629 tres
1102 3567 1324 3648 pariter
1353 3587 1587 3645 cruces,
1619 3582 1684 3628 ut
1712 3566 2026 3649 quondam
2052 3565 2188 3628 fixae
2218 3564 2501 3629 Domino

433 3653 492 3715 &
534 3653 869 3717 latronibus
891 3654 1197 3733 steterant,
1219 3670 1476 3736 repertae
1499 3652 1757 3734 fuissent,
1785 3655 2106 3738 gratulatio
2127 3670 2502 3737 repertarum

432 3744 625 3825 coepit
677 3744 853 3805 anxia
905 3744 1286 3807 dubitatione
1328 3744 1644 3823 confundi,
1691 3744 1846 3806 iusto
1897 3745 2138 3827 piorum
2187 3759 2379 3823 metu,
2425 3766 2503 3807 ne

433 3828 681 3894 forsitan
729 3848 833 3895 aut
880 3853 988 3914 pro
1029 3854 1212 3896 cruce
1244 3829 1506 3894 Domini
1538 3832 1882 3914 patibulum
1911 3833 2165 3896 latronis
2194 3831 2505 3915 eligerent,

434 3933 540 3981 aut
570 3918 821 3982 salutare
865 3920 1100 4003 lignum
1144 3941 1252 4003 pro
1291 3920 1491 4002 stipite
1532 3919 1782 3984 latronis
1814 3920 2157 3984 abiiciendo
2185 3918 2501 3983 violarent.

435 4007 725 4090 Respexit
775 4010 903 4091 pias
950 4008 1210 4071 fideliter
1251 4008 1636 4071 aestuantium
1680 4031 1857 4072 curas
1906 4009 2240 4087 DominuS,
2287 4008 2348 4071 &
2396 4007 2503 4092 ipfi

437 4097 832 4180 potissimum,
870 4120 1007 4180 quae
1037 4113 1163 4160 tam
1194 4099 1311 4180 piae
1339 4097 1764 4161 sollicitudinis
1807 4099 2089 4181 princeps
2133 4112 2283 4176 erat,
2321 4098 2503 4161 huius

436 4185 666 4269 confilij
713 4185 920 4249 lumen
965 4187 1208 4266 infudit,
1257 4202 1323 4249 ut
1372 4186 1638 4270 aliquem
1680 4207 1893 4250 recens
1933 4201 2247 4249 mortuum
2275 4186 2503 4269 inquiri

435 4272 498 4336 &
521 4274 722 4338 infert-i
747 4276 998 4339 iuberet.
1029 4276 1097 4340 N
1100 4297 1171 4339 ec
1193 4297 1388 4356 mora,
1418 4275 1673 4339 verbum
1696 4276 1947 4355 saecum,
1974 4275 2233 4339 cadaver
2264 4273 2502 4341 illatum
