3620 5680
1503 526 1714 623 (562)
1780 635 1783 646 Q
2504 547 2643 628 235

663 787 687 818 <‹
723 761 914 823 Tunc
957 760 994 822 s.
1039 761 1288 844 Tygris,
1329 759 1450 821 fide
1496 761 1693 854 plena,
1739 762 1987 822 vinculo
2031 762 2085 823 se
2129 764 2452 827 iuramenti
2498 788 2650 827 con-

573 850 829 928 strinxit,
859 853 1022 933 quod
1065 872 1193 911 non
1226 852 1388 931 prius
1432 850 1505 910 ab
1539 850 1662 931 ipso
1694 850 1835 911 loco
1884 850 2236 931 discederet,
2280 876 2483 935 quam,
2515 877 2648 936 per-

574 940 854 1000 mittente
885 940 1199 1021 unigenito
1225 938 1384 1000 Filio
1414 938 1557 1017 Dei,
1580 962 1655 1000 ex
1680 940 1967 1001 membris
1993 941 2048 1001 b.
2069 938 2317 1005 Ioannis
2343 943 2648 1025 Baptistae,

573 1028 838 1111 aliquam
875 1028 1235 1111 particulam
1265 1046 1596 1090 mereretur
1625 1032 1904 1111 accipere
1917 1057 1935 1105 3
1967 1031 2061 1091 sed
2089 1032 2208 1092 loci
2243 1031 2404 1094 illius
2429 1034 2648 1096 incolae

571 1117 720 1178 illud
752 1118 1161 1179 iuramentum
1193 1118 1448 1179 omnino
1484 1118 1844 1199 impoffibile
1876 1120 2243 1181 iudicabant.
2281 1118 2413 1202 Ipsa
2445 1138 2646 1184 tamen

572 1206 847 1288 quotidie
892 1223 1032 1268 ante
1078 1205 1306 1268 san&as
1338 1207 1624 1288 reliquias
1654 1206 1767 1268 sese
1799 1207 2110 1286 offerebat,
2153 1230 2333 1271 orans
2374 1225 2439 1270 ut
2473 1210 2647 1274 Deus

571 1296 685 1356 iter
727 1293 896 1355 suum
938 1294 1298 1376 prosperum
1342 1298 1609 1356 efficeret
1645 1295 1703 1357 &
1747 1296 2104 1358 desiderium
2150 1297 2526 1378 adimpleret.
2573 1297 2646 1361 In

571 1405 692 1465 qua
739 1384 1078 1445 intentione
1129 1385 1437 1446 continuis
1489 1385 1730 1447 duobus
1782 1387 1976 1464 anniS,
2026 1386 2243 1468 iugiter
2297 1385 2646 1449 Dominum

573 1473 925 1553 deposcens,
957 1474 1178 1533 devote
1212 1473 1626 1554 perseveravit.

655 1588 678 1618 «
708 1559 932 1622 Tertio
961 1563 1206 1622 tandem
1233 1563 1564 1643 incipiente
1589 1585 1772 1640 ann0,
1795 1585 1939 1624 cum
1964 1564 2085 1625 iam
2108 1565 2372 1625 nimium
2392 1566 2646 1644 orandO,

570 1650 920 1726 ieiunand0,
973 1650 1306 1731 vigilandO,
1364 1651 1614 1713 affiduas
1670 1651 1964 1735 lacrymas
2017 1653 2351 1732 fundendO,
2403 1655 2648 1737 fatigata

569 1739 732 1817 esset,
762 1738 820 1800 &
850 1739 922 1800 ad
955 1738 1240 1800 effeetum
1265 1739 1427 1800 suam
1451 1742 1816 1822 petitionem
1849 1743 2165 1822 pervenire
2195 1764 2317 1804 non
2353 1760 2647 1823 cerneret,

568 1828 826 1908 proiecit
857 1829 911 1888 se
950 1844 1088 1888 ante
1119 1827 1484 1909 sepulcrum,
1519 1831 1706 1890 corde
1737 1830 2003 1890 contrito
2036 1829 2095 1890 &
2125 1827 2469 1908 humilia'to,
2502 1831 2641 1893 Do-

567 1915 804 1977 minum
836 1915 1308 1998 lacrymabiliter
1340 1939 1538 1996 orans,
1590 1934 1655 1979 ut
1697 1920 1828 1980 eius
1859 1919 2246 1983 diutissimam
2280 1920 2645 2001 petitionem

567 2007 851 2066 exaudire
911 2005 1296 2087 dignaretur3
1359 2007 1650 2070 adiiciens
1707 2029 2023 2089 nunquam
2074 2007 2130 2068 se
2181 2008 2254 2069 ab
2298 2008 2423 2090 ipso
2453 2011 2645 2091 ,pavi-

565 2111 776 2155 mento
830 2094 1245 2173 surrecturam,
1291 2096 1635 2179 priusquam
1688 2097 1823 2177 pius
1855 2097 1913 2158 &
1953 2096 2295 2159 misericors
2327 2096 2643 2159 Dominus

565 2181 728 2244 suam
780 2184 1062 2264 impleret
1093 2185 1494 2265 petitionem3
1539 2185 1746 2266 ibique
1778 2187 2001 2263 iacenS,
2037 2185 2401 2268 nullumque
2431 2188 2639 2248 cibum

563 2273 824 2355 gustans,
872 2274 1019 2335 flere
1050 2274 1108 2335 ὅτ
1138 2297 1309 2336 orare
1361 2298 1484 2336 non
1535 2274 1799 2354 cessavit,
1856 2277 2110 2357 cupiens
2154 2273 2388 2337 diffolvi
2429 2278 2485 2339 δι
2527 2275 2641 2339 effe

565 2383 707 2422 cum
741 2362 1007 2439 Christo,
1038 2363 1229 2445 magis
1264 2384 1444 2444 quam
1480 2365 1539 2423 in
1559 2385 1742 2425 carne
1767 2383 2141 2445 permanere.
2168 2363 2282 2424 Sed
2304 2365 2641 2427 misericors

568 2450 881 2512 Dominus
923 2452 1137 2513 videns
1199 2452 1327 2512 eius
1385 2451 1806 2529 constantiam,
1863 2451 2049 2513 fidem
2095 2452 2540 2531 inviolabilem,
2585 2453 2643 2514 ὅτ

565 2540 856 2600 invi&am
922 2538 1442 2620 perseverantiam,
1493 2539 1901 2602 misericordia
1958 2558 2183 2618 motus,
2241 2541 2530 2603 conceffit
2586 2542 2639 2603 ei

565 2629 797 2688 donum
830 2625 1167 2709 quaefitum,
1198 2628 1256 2689 ὅτ
1287 2629 1572 2689 omnibus
1597 2628 1809 2690 seculis
1842 2629 2283 2691 admirandum.
2319 2631 2443 2692 Dei
2476 2631 2641 2691 enim

562 2733 737 2777 motu
775 2717 1056 2797 apparuit
1102 2716 1275 2797 supra
1318 2717 1661 2798 sepulcrum
1711 2718 1766 2778 b.
1812 2716 2060 2780 Ioannis
2107 2718 2389 2800 Baptistae
2434 2719 2640 2801 pollex

561 2803 742 2887 ipfius
788 2805 846 2867 ὅτ
891 2826 1026 2887 pars
1073 2805 1424 2887 digitorum,
1472 2808 1575 2887 qui
1635 2823 1987 2869 meruerunt
2040 2806 2301 2869 Domini
2351 2809 2640 2870 verticem

562 2911 805 2978 tangere
848 2897 908 2956 in
954 2896 1220 2956 Iordanis
1247 2895 1521 2973 flumine,
1573 2898 1818 2977 quando
1852 2897 1971 2978 ipse
2003 2897 2384 2980 Redemptor
2430 2897 2532 2959 sub
2565 2921 2638 2960 eo

561 2984 842 3067 dignatus
872 2983 956 3045 est
979 2983 1297 3064 baptizari.

645 3098 669 3130 α
702 3073 1018 3153 Cognovit
1058 3088 1263 3133 autem
1293 3072 1490 3133 sancta
1528 3072 1650 3134 Dei
1691 3072 1917 3134 famula
1945 3074 1999 3134 se
2034 3071 2151 3136 effe
2182 3076 2551 3153 exauditam,
2581 3076 2639 3138 &

557 3162 794 3223 sumens
826 3160 975 3222 illud
1009 3162 1281 3223 sancf’mm
1314 3161 1436 3223 Dei
1464 3163 1718 3240 donum,
1750 3162 2058 3243 resumpto
2090 3163 2295 3245 spiritu
2329 3166 2431 3246 qui
2465 3186 2637 3246 paene

560 3250 619 3311 in
651 3272 722 3311 ea
745 3250 1068 3327 defecerat,
1093 3250 1428 3332 &receptis
1454 3252 1682 3312 viribus
1703 3250 1840 3312 laeta
1865 3252 2135 3314 surrexit.
2161 3252 2636 3333 Reconditoque

558 3361 632 3400 eo
666 3341 725 3400 in
757 3338 997 3419 capsula
1042 3361 1225 3421 quam
1267 3341 1501 3400 dudum
1543 3358 1857 3421 paraverat
1904 3341 2071 3418 (cum
2112 3342 2329 3403 ceteris
2361 3340 2634 3403 minutiis

556 3428 996 3509 reliquiarum),
1038 3428 1309 3510 gaudens
1350 3429 1541 3509 coepit
1586 3431 1656 3489 ad
1705 3430 1952 3510 propria
1984 3450 2267 3490 remeare.
2299 3426 2634 3510 Impletum

557 3517 642 3578 est
686 3518 745 3578 in
792 3516 894 3579 illa
944 3517 1110 3599 quod
1166 3519 1227 3578 in
1270 3516 1610 3599 Evangelio
1656 3519 1945 3599 scriptum
2005 3519 2384 3580 invenimus:
2435 3519 2636 3581 Omnis

558 3608 654 3689 qui
689 3607 832 3688 petit
877 3607 1096 3688 accipit,
1147 3607 1214 3667 ἔθ’
1263 3608 1360 3688 qui
1402 3607 1612 3688 quaerit
1659 3608 1896 3684 invenit,
1940 3609 2006 3667 {5⁹
2043 3607 2303 3695 pulsanti
2344 3607 2635 3689 aperietur

559 3695 808 3776 (Mam,
841 3692 988 3772 VII,
1011 3697 1089 3777 7).
1120 3695 1474 3756 Recedente
1504 3711 1709 3756 autem
1741 3695 1968 3756 famula
1992 3694 2138 3772 Dei,
2167 3717 2309 3755 cum
2341 3693 2483 3756 effet
2513 3697 2629 3756 iam

557 3784 739 3866 longe
787 3785 974 3865 spatio
1027 3783 1262 3865 aliquot
1319 3782 1688 3862 milliarium,
1740 3783 2144 3866 provinciales
2188 3784 2248 3844 in
2300 3785 2355 3845 se
2398 3781 2633 3861 reversi,

558 3893 793 3953 magnae
824 3875 1106 3933 amentiae
1137 3872 1194 3933 &
1225 3873 1480 3954 ignaviae
1511 3874 1815 3953 imputare
1845 3889 2185 3954 coeperunt,
2216 3874 2382 3955 quod
2416 3872 2634 3934 mulier

560 3962 875 4043 peregrina
899 3961 957 4022 ὅτ
988 3962 1236 4022 inermis
1268 3963 1570 4022 honorem
1599 3966 1788 4042 regni,
1812 3978 2219 4023 tutamentum
2246 3961 2480 4043 populi,
2509 3959 2631 4023 sine

557 4048 1042 4111 contradidfione
1066 4047 1124 4109 &
1141 4047 1360 4130 absque
1387 4050 1619 4126 iniuria,
1641 4049 1764 4110 sola
1786 4051 2068 4111 auferret.
2097 4050 2247 4135 Qua
2270 4050 2343 4111 de
2370 4073 2432 4111 re
2457 4047 2629 4112 fimul

559 4160 772 4200 omnes
823 4139 1143 4214 commoti,
1195 4137 1366 4198 cursu
1412 4137 1785 4198 velociffimo
1838 4138 2086 4199 insecuti
2139 4139 2288 4201 sunt.
2344 4138 2528 4224 Quos
2563 4157 2631 4202 ut

557 4228 729 4304 vidit,
757 4229 950 4287 nimio
984 4242 1214 4287 terrore
1245 4229 1519 4306 expavit:
1565 4225 1661 4288 sed
1694 4228 1965 4309 fugiendi
2007 4227 2212 4288 locum
2241 4250 2367 4289 non
2399 4228 2628 4290 habuit.

644 4341 669 4374 «
703 4315 895 4378 Tunc
929 4330 1060 4376 toto
1090 4315 1276 4377 corde
1307 4314 1379 4375 ad
1413 4314 1763 4377 Dominum
1806 4315 2115 4394 conversa,
2150 4317 2345 4378 oravit
2374 4338 2451 4377 ne
2480 4338 2625 4400 gau-
