3620 5680
1107 512 1197 608 38
1558 559 1561 561 ·
2027 507 2241 607 (326)

1102 769 1273 812 mum
1324 747 1658 810 institerant
1707 747 1914 809 divina
1947 746 2212 829 vestigia,
2259 767 2403 809 cum
2451 746 2514 808 in
2562 744 2794 811 coelum
2850 744 3164 809 Dominus

1101 837 1265 899 nube
1278 835 1540 899 sublatus
1564 835 1666 915 est,
1688 836 2033 898 continuari
2052 836 2404 918 pavimento
2421 855 2565 897 cum
2589 833 2824 917 reliqua
2845 833 3163 897 stratorum

1104 940 1273 1009 parte
1289 947 1414 989 non
1432 926 1662 1008 potuit:
1680 925 1975 1008 siquidem
1992 934 2397 1007 quaecu'mque
2411 923 2890 1005 applicabantur,
2906 922 3165 986 insolens

1101 1015 1369 1077 humana
1395 1011 1685 1094 suscipere
1708 1028 1867 1076 terra
1887 1012 2209 1096 respueret,
2231 1013 2484 1076 excuffis
2507 1015 2569 1074 in
2592 1033 2698 1075 ora
2721 1011 3166 1094 apponentium

1101 1099 1254 1182 saepe
1310 1102 1728 1167 marmoribus.
1786 1099 1966 1189 Quin
2011 1103 2194 1164 etiam
2240 1100 2453 1164 calcati
2508 1100 2654 1164 Deo
2700 1099 2967 1183 pulveris
3012 1098 3165 1160 adeo

1105 1209 1372 1272 perenne
1421 1189 1864 1252 documentum
1906 1189 2009 1269 est,
2064 1205 2132 1252 ut
2185 1189 2433 1272 vestigia
2487 1187 2767 1274 impressa
2820 1203 3169 1267 cernantur,

1105 1277 1164 1340 &
1192 1298 1336 1339 cum
1366 1278 1642 1360 quotidie
1670 1277 2113 1340 confluentium
2140 1277 2289 1341 fides
2318 1279 2600 1341 certatim
2631 1277 2914 1340 Domino
2938 1275 3170 1339 calcata

1105 1365 1370 1448 diripiat,
1398 1365 1691 1433 damnum
1720 1382 1923 1429 tamen
1953 1387 2133 1428 arena
2168 1389 2296 1429 non
2333 1366 2575 1444 sentiat3
2619 1366 2679 1429 &
2717 1367 2932 1428 eadem
2969 1366 3168 1427 adhuc

1104 1453 1189 1517 sui
1219 1454 1499 1537 speciem,
1527 1454 1695 1517 velut
1725 1455 2012 1538 impreflis
2041 1455 2263 1538 signata
2291 1456 2571 1539 vestigiiS,
2601 1472 2762 1518 terra
2790 1453 3068 1517 custodit.

1185 1540 1474 1605 Eiusdem
1501 1544 1723 1626 reginae
1751 1543 2049 1606 beneficio
2079 1565 2231 1606 crux
2261 1539 2523 1607 Domini
2570 1559 2705 1606 tum
2740 1558 2992 1625 reperta,
3034 1566 3170 1627 quae

1105 1653 1307 1715 neque
1343 1632 1405 1693 in
1437 1633 1740 1715 principio
1770 1631 2188 1695 obfistentibus
2232 1631 2454 1696 Iudaeis
2499 1648 2780 1715 potuerat
2815 1631 3172 1712 consecrari,

1107 1721 1167 1782 &
1218 1718 1424 1802 postea
1473 1722 1689 1784 dirutae
1731 1722 1994 1784 civitatis
2045 1720 2324 1804 oppreffa
2370 1722 2706 1800 ruderibuS,
2762 1721 2997 1783 nonnisi
3046 1716 3171 1784 tam

1106 1807 1367 1871 fideliter
1395 1809 1724 1891 requirenti
1755 1811 1979 1870 meruit
2010 1808 2262 1871 ostendi.
2293 1807 2490 1892 Igitur
2529 1809 2769 1872 Helena
2798 1811 3066 1891 primum
3095 1809 3171 1872 de

1106 1895 1248 1958 loco
1280 1896 1555 1978 pastionis
1585 1898 1813 1959 certior
1842 1896 2018 1976 fafita,
2046 1897 2295 1959 admota
2324 1896 2572 1959 militari
2604 1918 2808 1975 manu,
2830 1910 3014 1979 atque
3037 1918 3174 1959 om-

1107 1984 1279 2046 nium
1309 1983 1777 2066 provincialium
1807 1985 2201 2047 multitudine
2232 1986 2296 2047 in
2319 1983 2514 2048 studia
2535 1986 2761 2068 reginae
2785 1986 3173 2064 certantium,

1108 2070 1295 2134 effodi
1345 2088 1563 2135 terram
1611 2073 1671 2136 δε
1719 2075 2012 2157 contigua
2057 2095 2317 2157 quaeque
2383 2095 2452 2135 ac
2495 2073 2809 2136 vastissima
2860 2075 3173 2138 ruinarum

1109 2161 1353 2243 purgari
1384 2161 1584 2226 iubet:
1614 2184 1761 2225 mox
1791 2163 2055 2245 pretium
2092 2162 2234 2227 fidei
2265 2163 2324 2225 &
2353 2162 2591 2226 «laboris
2620 2178 2738 2224 tres
2783 2163 3175 2244 pariter-cru-

1108 2271 1232 2328 ces,
1266 2247 1418 2350 sicut
1459 2249 1610 2313 olim
1655 2251 1938 2314 Domino
1976 2273 2046 2315 ac
2085 2252 2419 2315 latronibus
2460 2250 2700 2314 duobus
2740 2249 2877 2313 fixae
2918 2252 3175 2331 fiierant,

1109 2354 1550 2421 reperiuntur...
1588 2365 1613 2397 ›

1252 2472 1514 2543 [Sulpicius
1534 2477 1761 2540 SeveruS,
1779 2475 2186 2544 PBstoriasac-ra,
2218 2475 2249 2528 l.
2277 2477 2342 2543 11,
2367 2493 2409 2528 c.
2441 2492 2616 2541 33-34.
2646 2475 2874 2544 (Migne,
2905 2477 3043 2527 Patr.
3067 2473 3177 2542 lat„

1109 2557 1229 2619 XX,
1255 2570 1303 2606 c.
1338 2557 1501 2620 148).]

1193 2717 1219 2749 e
1247 2689 1610 2755 Mansithoc
1626 2690 1806 2753 seculi
1834 2693 2051 2774 prioris
2073 2693 2241 2755 nefas
2266 2694 2327 2755 in
2350 2708 2636 2776 tempora
2654 2693 2871 2756 nostris
2897 2691 3179 2775 proxima

1114 2779 1499 2846 Constantini
1513 2807 1531 2856 3
1581 2780 1686 2863 qui
1729 2781 2014 2864 princeps
2064 2780 2180 2844 effe
2224 2783 2603 2867 principibus
2648 2781 3005 2848 Christianis
3047 2800 3177 2842 non

1113 2871 1303 2952 magis
1332 2868 1431 2931 sua
1462 2891 1648 2952 quam
1684 2872 1894 2933 matris
1926 2869 2185 2933 Helenae
2212 2871 2332 2933 fide
2364 2874 2624 2935 meruit:
2673 2894 2809 2955 quae
2840 2872 3071 2948 divino,
3112 2883 3179 2930 ut

1112 2960 1309 3022 exitus
1358 2959 1590 3037 docuit,
1633 2959 1919 3041 inspirato
1969 2959 2241 3037 confili0,
2282 2982 2426 3022 cum
2465 2961 2915 3049 Hierosolymam
2961 2956 3177 3041 agnos-

1113 3063 1281 3110 ceret
1300 3047 1571 3125 nomine,
1600 3070 1735 3129 quae
1759 3047 2034 3129 Augusta
2054 3070 2197 3110 cum
2218 3047 2346 3110 filio
2371 3050 2804 3133 conregnabat,
2832 3068 2976 3110 eum
3000 3068 3180 3130 roga-

1113 3137 1202 3198 vit
1247 3150 1317 3197 ut
1362 3134 1465 3197 fibi
1515 3134 1867 3196 facultatem
1926 3135 2096 3198 daret
2158 3137 2381 3199 cun6'ta
2437 3137 2565 3200 illic
2629 3138 2768 3200 loca
2826 3135 3178 3199 Dominicis

1115 3220 1394 3306 impreffa
1432 3224 1700 3307 ,vestigiis
1763 3224 1828 3295 &
1876 3225 2224 3287 divinorum
2276 3246 2416 3307 erga
2475 3248 2588 3289 nos
2652 3246 2908 3308 operum
2956 3222 3181 3306 signata

1116 3312 1509 3376 monimentis
1556 3334 1828 3396 purgare,
1877 3312 2192 3377 destru6'tis
2243 3313 2486 3396 templis
2535 3315 2594 3377 &
2638 3313 2837 3391 idolis,
2889 3314 2964 3376 ab
3007 3312 3175 3375 omni

1115 3402 1447 3482 prophanae
1492 3403 1822 3484 impietatis
1852 3404 2159 3485 contagi0,
2207 3403 2267 3466 δε
2310 3402 2593 3486 religioni
2641 3402 2759 3465 suae
2789 3402 3064 3481 reddere,
3112 3418 3181 3465 ut

1120 3488 1385 3551 Ecclesia
1430 3491 1677 3552 tandem
1725 3494 1784 3552 in
1829 3505 1987 3553 terra
2021 3492 2272 3574 originis
2324 3492 2441 3555 suae
2482 3492 2912 3556 celebraretur.
2962 3488 3178 3574 Itaque

1118 3592 1403 3662 prompto
1452 3578 1557 3662 filij
1603 3580 1987 3661 imperatoris
2034 3578 2256 3642 assensu
2301 3597 2495 3644 mater
2528 3582 2820 3663 Augusta,
2864 3578 3178 3662 patefa6'tis

1117 3668 1188 3729 ad
1234 3688 1424 3748 opera,
1455 3665 1655 3729 san&a
1696 3668 2000 3748 thesauris,
2050 3685 2182 3731 toto
2232 3669 2411 3732 abusa
2456 3670 2598 3732 fisco
2651 3669 2769 3732 est:
2822 3683 3176 3752 quantoque

1117 3754 1313 3817 sumtu
1352 3771 1533 3838 atque
1562 3756 1731 3818 cultu
1774 3757 1983 3839 regina
2010 3773 2251 3839 poterat
2288 3758 2347 3820 δε
2384 3756 2599 3840 religio
2643 3756 2944 3835 suadebat,
2988 3754 3180 3817 aedifi-

1116 3845 1265 3907 catis
1309 3841 1563 3908 basilicis
1612 3846 1886 3908 contexit
1937 3867 2151 3909 omnes
2190 3846 2250 3909 δε
2291 3846 2565 3908 excoluit
2607 3845 2800 3924 locos,
2849 3846 2912 3907 in
2957 3844 3179 3927 quibus

1118 3932 1391 3996 salutaria
1436 3934 1615 3997 nobis
1667 3934 1949 4017 mysteria
1993 3936 2233 4017 pietatis
2279 3934 2415 4013 suae,
2461 3934 2896 3997 incarnationis
2946 3933 3006 3996 &
3054 3931 3183 4014 pas-

1116 4021 1296 4085 fionis
1324 4022 1383 4084 &
1408 4021 1859 4086 resurreetionis
1883 4039 2066 4106 atque
2088 4023 2443 4087 ascensionis
2465 4022 2847 4085 sacramentis
2867 4020 3181 4084 Dominus

1119 4110 1502 4193 Redemptor
1530 4111 1908 4194 impleverat.
1941 4112 2179 4175 Mirum
2210 4133 2355 4174 vero
2384 4113 2541 4174 inter
2558 4113 2711 4190 haec,
2740 4111 2906 4193 quod
2938 4111 3000 4172 in
3033 4108 3183 4171 bafi-

1119 4198 1238 4261 lica
1266 4197 1649 4264 Ascenfionis
1693 4199 1866 4264 locus
1895 4200 1999 4263 ille
2029 4216 2268 4263 tantum
2312 4202 2387 4262 de
2417 4222 2542 4283 quo
2580 4201 2643 4263 in
2671 4200 2834 4263 nube
2878 4197 3182 4280 susceptus

1120 4287 1404 4371 ascendit,
1433 4290 1736 4376 captivam
1768 4291 1828 4355 in
1857 4289 1960 4356 sua
1986 4311 2169 4356 carne
2199 4291 2428 4356 ducens
2450 4290 2868 4376 captivitatem
2896 4287 3181 4368 nostram,
