3620 5680
1081 494 1214 604 136
1286 620 1290 625 .
1983 492 2193 599 (417)

1072 742 1143 804 ad
1176 743 1338 804 fores
1361 740 1559 803 sanae
1584 737 1884 826 Anasteos
1909 738 2034 824 (stc)
2070 738 2347 820 vigilanS,
2370 739 2428 800 in
2447 739 2721 801 oratione
2740 737 3134 819 pernodtabat

1071 830 1256 913 usque
1280 830 1352 892 ad
1378 850 1513 891 eam
1535 830 1748 891 horam
1771 829 1833 889 in
1858 849 1978 910 qua
2000 829 2187 889 ceteri
2212 827 2285 888 ad
2317 825 2694 910 psallendum
2716 827 3132 889 convenirent.

1075 917 1296 1006 Quum
1326 933 1531 979 autem
1561 917 1733 980 turba
1776 916 1833 978 se
1873 912 2306 998 congregasset,
2343 914 2465 997 ipsa
2492 915 2782 979 recedens
2820 913 3136 997 paululum

1071 1008 1283 1070 somno
1314 1008 1480 1090 quod
1511 1022 1724 1068 natura
1762 1006 2045 1088 exigebat
2075 1003 2446 1088 indulgebat,
2490 1004 2549 1067 ὅτ
2585 1006 2809 1067 iterum
2838 1024 3135 1086 exurgens

1073 1094 1368 1174 dilucu10,
1396 1095 1685 1158 consueto
1710 1115 1895 1176 opere
1920 1091 2239 1173 infistebat,
2271 1108 2336 1155 ut
2365 1093 2651 1155 omnibus
2681 1093 2844 1155 horis
2873 1112 2998 1153 non
3026 1086 3136 1153 nifi

1073 1185 1238 1265 quod
1272 1184 1566 1265 placitum
1600 1181 1743 1246 effet
1772 1198 1995 1266 ageret.

1159 1298 1183 1328 <c
1227 1269 1616 1335 Intuentibus
1665 1293 1813 1333 vero
1857 1272 1917 1331 in
1959 1271 2160 1353 Spanie
2200 1272 2469 1352 partibus
2510 1271 2796 1349 barbaris,
2841 1268 3139 1331 remanse-

1074 1378 1217 1423 runt
1259 1382 1450 1442 pauce
1499 1359 1881 1442 poffeffiones
1934 1381 2083 1441 quas
2128 1374 2380 1441 propter
2410 1360 2824 1441 inruptionem
2876 1358 3139 1420 hostium

1075 1448 1359 1511 distraere
1387 1471 1511 1510 non
1544 1464 1895 1531 potuerunt.
1927 1448 2247 1530 Tempore
2278 1463 2481 1509 autem
2512 1469 2654 1509 cum
2684 1470 2800 1530 pax
2831 1447 2982 1509 locis
3004 1448 3141 1509 red-

1077 1537 1202 1599 dita
1225 1535 1439 1615 fuiffet,
1463 1535 1782 1599 destinavit
1807 1535 2213 1597 fidelissimum
2242 1558 2317 1598 ex
2350 1537 2528 1598 servis
2558 1536 2692 1614 suis,
2722 1533 2841 1597 iam
2864 1535 3141 1614 liverum,

1077 1626 1180 1708 qui
1213 1626 1496 1709 ingressus
1526 1629 1587 1686 in
1618 1625 1908 1708 predistis
1939 1625 2287 1707 regionibus
2317 1626 2623 1706 quandam
2668 1639 2902 1705 partem
2928 1621 3141 1706 poffes-

1076 1714 1310 1778 fionum
1342 1712 1576 1775 festinat
1613 1712 1913 1791 distraere,
1941 1735 2017 1775 ex
2048 1713 2267 1794 quibus
2288 1735 2414 1774 non
2448 1734 2632 1795 parvo
2656 1712 2920 1775 collecsto
2946 1714 3140 1795 pretio

1079 1818 1385 1865 revertens
1431 1803 1524 1864 his
1567 1802 1779 1864 defert.
1834 1800 2029 1888 Quod
2062 1801 2275 1862 videns
2319 1802 2665 1880 beatissima,
2706 1799 2870 1885 quasi
2917 1823 2993 1863 ex
3033 1823 3142 1863 ore

1079 1890 1275 1953 leonis
1318 1906 1618 1971 ereptum,
1655 1889 1878 1973 gratias
1908 1911 2091 1971 agens
2123 1889 2288 1967 De0,
2317 1890 2614 1960 continuo
2656 1891 2863 1952 omnia
2892 1891 2953 1951 in
2986 1911 3141 1971 opus

1083 1979 1206 2042 Dei
1238 1979 1645 2041 distribuenda
1673 1978 1958 2061 disponit,
1999 1977 2058 2039 &
2101 1979 2251 2040 dicit
2287 1978 2358 2040 ad
2405 1977 2575 2039 suum
2605 1978 2885 2040 fratrem:
2918 2001 2952 2036 ·‹
3004 1978 3141 2041 Do-

1085 2093 1110 2125 «
1145 2070 1310 2129 mine
1341 2089 1533 2146 meus,
1561 2067 1707 2130 volo
1738 2083 1804 2128 ut
1834 2089 2043 2130 eamus
2073 2068 2135 2129 in
2166 2068 2393 2149 EgyptO,
2423 2066 2482 2129 &
2510 2061 2826 2129 videamus
2856 2068 3140 2130 dominos

1086 2183 1111 2214 ‹
1146 2156 1380 2218 nostros
1420 2156 1478 2218 &
1522 2156 1758 2218 sanaos
1789 2156 1984 2218 servos
2017 2153 2141 2217 Dei
2184 2178 2293 2236 per
2330 2156 2649 2217 heremum
2685 2156 3047 2234 habitantes,
3075 2171 3142 2217 ut

1085 2272 1111 2304 «
1150 2267 1257 2328 per
1291 2242 1583 2306 visionem
1625 2244 1684 2306 &
1715 2245 2023 2307 orationes
2066 2266 2282 2305 eorum
2313 2243 2783 2305 misericordiam
2812 2244 3143 2327 consequa-

1087 2359 1112 2391 «
1150 2354 1286 2395 mur
1330 2358 1379 2396 ».
1424 2332 1802 2395 Beatissimus
1848 2353 1992 2392 vero
2039 2332 2290 2395 audiens
2331 2353 2457 2394 non
2502 2333 2617 2394 fuit
2656 2334 3022 2411 contrarius,
3062 2330 3148 2393 set

1084 2444 1227 2485 cum
1256 2422 1479 2504 gaudio
1504 2421 1711 2483 fabens
1735 2420 1913 2483 dietis
1943 2421 2071 2482 eius
2103 2442 2432 2501 properare
2462 2420 2777 2483 consentit.
2825 2421 3146 2502 Exurgen-

1086 2527 1176 2574 tes
1206 2511 1390 2593 igitur
1421 2509 1677 2591 profe&i
1709 2507 1926 2570 suntin
1948 2509 2243 2591 Egyptum,
2273 2508 2332 2570 &
2362 2509 2813 2592 peregrinantes
2845 2507 3144 2571 monaste·
3183 2517 3218 2565 f.
3248 2532 3402 2579 250a,
3426 2517 3534 2562 c01.1

1086 2601 1174 2661 ria
1218 2599 1565 2661 sanctorum
1613 2598 2061 2658 monachorum
2104 2596 2163 2659 &
2207 2598 2531 2681 virginum,
2562 2597 2908 2681 dispergunt
2949 2598 3158 2660 omnia

1086 2685 1332 2769 fingulis
1374 2701 1555 2768 prout
1591 2687 1814 2765 cuique
1845 2706 2000 2765 opus
2036 2700 2178 2746 erat.
2215 2684 2298 2746 Et
2327 2686 2469 2767 quia
2505 2686 2622 2748 hoc
2653 2687 2707 2747 ei
2738 2702 2863 2748 erat
2892 2685 3154 2746 studium

1090 2796 1198 2858 pro
1249 2774 1508 2835 aliorum
1559 2773 1871 2855 refrigerio
1920 2771 2153 2855 semper
2197 2770 2314 2835 effe
2349 2773 2695 2853 sollicitum,
2744 2788 3038 2835 venerunt
3082 2771 3154 2832 ad

1089 2864 1396 2947 quendam
1437 2862 1861 2924 sanfliffimum
1890 2864 2110 2940 virum,
2138 2863 2286 2924 sicut
2319 2864 2442 2945 ipsa
2482 2864 2660 2926 nobis
2688 2865 2912 2925 referre
2943 2863 3154 2945 digna-

1068 2954 1282 3030 ‘batur,
1303 2953 1554 3016 nomine
1575 2949 1980 3012 Effeflionem.
2000 2951 2099 3011 Ad
2118 2972 2303 3034 quem
2325 2973 2468 3013 cum
2489 2952 2719 3034 ingrefli
2739 2952 2996 3029 fuissent,
3026 2951 3159 3033 post

1092 3041 1436 3103 orationem
1481 3041 1648 3121 cepit
1689 3037 1889 3101 sancta
1934 3059 2147 3120 rogare
2191 3055 2258 3101 ut
2302 3061 2528 3121 paucos
2558 3062 2772 3102 aureos
2808 3041 2870 3103 in
2913 3037 3156 3101 hufibus

1094 3129 1209 3192 suis
1260 3129 1355 3190 his
1405 3126 1853 3209 off[er]entibus
1905 3127 2183 3208 accipere
2235 3128 2604 3209 dignaretur.
2663 3124 2796 3213 Qui
2844 3127 2967 3189 alto
3004 3127 3158 3208 pede

1092 3217 1355 3280 refiliens
1382 3214 1718 3298 reppellere
1763 3213 1967 3276 oblata
1994 3236 2109 3275 nec
2140 3211 2244 3276 fibi
2277 3212 2672 3277 necessarium
2702 3215 2818 3277 effe
2850 3237 3066 3277 aurum
3096 3215 3156 3276 in

1093 3305 1336 3368 hufibus
1366 3303 1681 3366 fatebatur.
1712 3302 1802 3363 At
1834 3324 2025 3384 quum
2053 3303 2223 3364 nulla
2266 3325 2448 3385 prece
2487 3303 2833 3365 fleSteretur
2861 3307 3160 3386 accipere,

1095 3410 1344 3477 rogatus
1369 3393 1613 3454 interim
1647 3407 1713 3453 ut
1742 3389 2283 3474 proficiscentibus,
2311 3392 2460 3454 ficut
2488 3414 2623 3455 mos
2645 3407 2793 3470 erat,
2816 3394 3158 3454 orationem

1096 3485 1239 3544 dare
1284 3481 1539 3542 iuberet.
1585 3479 1668 3541 Et
1694 3501 1888 3563 quum
1928 3479 2029 3541 ille
2070 3501 2299 3561 pronus
2329 3481 2390 3541 in
2422 3479 2639 3542 faciem
2671 3479 3020 3542 Dominum
3050 3501 3159 3562 pro

1097 3570 1232 3653 ips1s
1262 3585 1480 3648 oraret,
1511 3568 1710 3630 sancita
1746 3565 2063 3650 perlustrat
2103 3569 2207 3629 ubi
2238 3567 2479 3630 occulte
2508 3570 2808 3650 relinquat
2839 3570 3160 3650 pecuniam

1097 3680 1283 3743 quam
1307 3657 1572 3720 oblatam
1600 3656 1969 3738 reppulerat,
1983 3657 2129 3719 nicil
2155 3656 2395 3738 prorsus
2426 3656 2542 3719 tale
2563 3658 2829 3718 occurrit
2852 3658 2994 3738 quia
3015 3657 3160 3719 nicil

1101 3747 1266 3830 quod
1312 3747 1406 3807 vir
1437 3745 1672 3810 sancitus
1715 3745 2036 3827 poffideret
2064 3747 2124 3807 in
2157 3745 2378 3806 cellula
2408 3746 2742 3807 habebatur
2774 3744 2883 3807 nisi
2925 3761 3162 3808 tanturn

1100 3850 1292 3896 matta
1319 3834 1379 3896 in
1412 3856 1534 3916 qua
1563 3834 1798 3895 iacebat
1828 3835 1886 3897 &
1911 3835 1973 3895 in
1999 3833 2225 3916 angulo
2262 3855 2444 3895 unam
2468 3833 2811 3915 sportellam
2842 3856 2985 3896 curn
3016 3855 3165 3916 pau-

1100 3925 1188 3987 cis
1209 3923 1562 4005 paximaciis
1579 3922 1756 3986 &vas
1773 3944 1917 3984 curn
1932 3921 2045 3983 sale
2061 3922 2330 4000 modim,
2346 3925 2512 4005 quod
2530 3924 2629 3984 vix
2655 3924 3008 4005 repperiens
3022 3923 3164 3985 bea-

1106 4012 1319 4073 tissima
1342 4032 1568 4092 paucos
1598 4009 1823 4073 solidos
1862 4011 2069 4072 obruit
2103 4010 2182 4089 ὅτ,
2210 4025 2463 4092 accepta
2492 4012 2790 4089 oratione,
2819 4011 3167 4072 festinanter

1104 4099 1501 4181 egrediuntur
1555 4119 1632 4159 ne
1676 4100 1877 4160 servus
1910 4097 2173 4160 Domini
2207 4115 2477 4180 repertos
2527 4099 2749 4160 eisdem
2799 4099 3164 4160 refunderet.

1105 4185 1419 4249 Festinant
1461 4187 1644 4269 igitur
1678 4203 2075 4268 properantes
2104 4188 2407 4268 aufugere.
2444 4187 2547 4249 Set
2583 4208 2775 4269 quum
2814 4187 3005 4248 homo
3038 4186 3164 4249 Dei

1108 4273 1406 4359 cogitaret
1448 4295 1662 4356 preces
1692 4274 2019 4336 beatiffime
2056 4296 2206 4357 quas
2252 4273 2339 4336 illi
2362 4290 2430 4337 ut
2469 4275 2776 4356 acciperet
2804 4275 3168 4358 proferebat,
3195 4291 3231 4337 f.
3251 4289 3535 4356 25oa,eoL2
