3620 5680
999 544 1140 618 266
1915 549 1990 638 (s.
2028 550 2147 641 VI)

995 779 1284 863 yconiam
1327 777 1624 839 ostendit:
1676 795 1822 840 tunc
1867 780 2066 841 statim
2112 780 2207 842 leo
2251 797 2531 844 mortuus
2583 782 2824 844 cecidit.
2873 783 3065 845 Venit

996 869 1180 950 igitur
1208 867 1279 929 ad
1314 867 1479 929 illam
1509 866 1832 930 solitariam
1857 867 1916 929 &
1940 870 2330 951 interrogata,
2360 885 2562 931 utrum
2588 868 2873 953 portaffet
2895 893 3063 954 yma-

995 960 1204 1042 ginem
1248 978 1360 1038 pro
1406 978 1528 1037 qua
1574 973 1912 1039 rogaverat,
1943 958 2047 1019 illa
2080 960 2344 1041 negavit,
2374 960 2627 1040 cupiens
2658 958 2897 1021 sibimet
2924 963 3060 1023 reti·

996 1068 1161 1111 nere.
1181 1046 1347 1109 Cum
1370 1062 1573 1107 autem
1599 1045 1783 1107 vellet
1805 1048 1990 1124 abire,
2005 1047 2198 1109 hostia
2222 1050 2441 1111 domus
2466 1050 2629 1110 exire
2650 1071 2776 1110 non
2808 1065 3066 1131 poterat,

998 1136 1198 1197 donec
1219 1136 1541 1197 veritatem
1572 1133 1836 1198 confeffa
1866 1136 1954 1197 illi
1985 1135 2261 1199 solitariae
2280 1138 2630 1219 ymaginem
2663 1135 3065 1219 praesentaret.

1001 1221 1216 1309 Quam
1248 1225 1469 1286 devote
1500 1223 1822 1307 suscipiens
1853 1225 1914 1285 in
1956 1224 2058 1287 suo
2091 1228 2357 1288 oratorio
2396 1225 2727 1287 collocavit
2754 1225 3065 1308 ipsamque

998 1312 1351 1375 cottidianis
1386 1314 1666 1394 precibus
1708 1313 1767 1375 &
1806 1313 2076 1377 lacrimis
2105 1311 2433 1377 honoravit
2460 1343 2477 1390 ;
2520 1331 2666 1375 tunc
2697 1314 2820 1395 ipsa
2846 1318 3068 1398 yconia

1002 1401 1209 1463 oleum
1241 1401 1451 1463 sudare
1491 1424 1617 1463 non
1656 1401 1918 1464 cessavit.
1964 1401 2227 1465 Mortua
2271 1402 2375 1464 illa
2411 1403 2692 1481 solitaria,
2735 1404 2795 1464 in
2846 1403 3066 1465 eodem

1006 1515 1146 1556 ,oco
1197 1496 1260 1555 in
1304 1493 1542 1555 honore
1589 1495 1782 1556 beatae
1815 1493 2038 1556 Mariae
2068 1495 2339 1577 Virginis
2372 1495 2730 1577 praedicS’tum
2761 1496 3066 1557 monaste-

998 1584 1158 1645 rium
1188 1581 1273 1644 est
1300 1582 1718 1645 constru&um
1741 1605 1857 1646 nec
1880 1605 2172 1665 umquam
2199 1584 2420 1646 destrui
2448 1586 2650 1667 potuit
2674 1604 2708 1644 a
2725 1584 3067 1647 Sarracenis

998 1672 1097 1734 vel
1116 1671 1393 1735 Tartaris
1419 1688 1638 1734 terram
1655 1672 1870 1734 &loca
1897 1673 2059 1734 sacra
2081 1670 2477 1751 visitantibus,
2500 1674 2674 1735 beata
2705 1672 2912 1735 Maria
2942 1674 3065 1735 visi·

1000 1762 1200 1825 biliter
1231 1777 1608 1844 protegente.
1649 1787 1671 1817 »

1142 1896 1455 1965 [Ludolphus
1475 1897 1539 1949 de
1565 1897 1823 1962 Sudheim,
1848 1901 1926 1950 De
1949 1901 2129 1951 Itinere
2159 1896 2213 1949 T.
2232 1902 2296 1963 S„
2327 1917 2442 1969 pars
2472 1903 2515 1965 1,
2543 1918 2585 1952 c.
2614 1918 2671 1963 ¹7
2700 1901 2979 1968 (Archives
3006 1904 3071 1953 de

997 1977 1213 2030 I’Orient
1233 1975 1375 2042 latin,
1400 1989 1438 2028 t.
1470 1979 1540 2042 ΙΙ,
1572 1978 1818 2043 Docum.,
1842 1997 1890 2046 p.
1923 1981 2081 2047 361);
2113 1979 2180 2031 cf.
2213 1980 2293 2031 ed.
2316 1983 2381 2032 D.
2402 1982 2612 2049 Deycks
2642 1982 2942 2050 (Stuttgart‚
2975 1980 3071 2031 Lit.

999 2058 1206 2122 Verein‚
1239 2057 1418 2125 1851),
1448 2076 1492 2126 p.
1517 2060 1656 2123 100.]

1084 2209 1107 2239 «
1146 2180 1250 2244 De
1280 2183 1575 2271 Damasco
1617 2183 1868 2266 processi
1907 2185 1980 2246 ad
2027 2184 2354 2266 imaginem
2396 2183 2452 2244 b.
2487 2183 2758 2265 Virginis
2811 2185 2872 2245 in
2925 2184 3069 2246 Sar·

999 2273 1166 2353 dany,
1210 2271 1310 2332 ubi
1360 2271 1443 2333 est
1487 2271 1659 2335 locus
1711 2272 1882 2334 fortis
1920 2270 2093 2358 supra
2135 2288 2391 2354 petram,
2435 2270 2506 2332 ad
2553 2271 2808 2333 modum
2844 2271 3072 2334 castelli

1000 2376 1272 2423 muratus
1302 2362 1362 2421 in
1409 2361 1690 2439 circuitu,
1720 2362 1782 2422 in
1824 2382 1949 2442 quo
1991 2359 2124 2423 satis
2166 2360 2420 2443 pulchra
2453 2360 2536 2420 est
2576 2358 2843 2422 ecclefia.
2874 2361 3070 2423 Retro

999 2451 1194 2512 maius
1223 2450 1408 2511 altare
1440 2448 1618 2530 ipsius
1653 2450 1712 2510 in
1745 2470 1926 2510 muro
1960 2449 2163 2510 tabula
2186 2451 2465 2531 quaedam
2489 2464 2653 2510 retro
2676 2452 2847 2531 nigra
2869 2449 2928 2511 &
2957 2451 3070 2511 hu-

999 2539 1166 2600 mida
1193 2538 1478 2615 cernitur,
1516 2538 1575 2599 in
1618 2559 1738 2619 qua
1781 2539 1983 2619 imago
2026 2537 2301 2619 gloriosae
2332 2537 2604 2618 Virginis
2649 2537 2800 2598 olim
2831 2538 3073 2619 depieta

999 2624 1167 2688 fuiffe
1211 2623 1500 2704 afferitur,
1535 2625 1630 2687 sed
1677 2641 1928 2707 propter
1970 2625 2329 2686 vetustatem
2373 2624 2527 2685 nihil
2568 2626 2643 2685 de
2687 2624 3072 2688 lineamentis

998 2715 1209 2798 figurae
1244 2714 1631 2796 distinguitur
1670 2715 1731 2775 in
1779 2715 2016 2791 eadem,
2055 2711 2163 2773 nifi
2209 2716 2374 2795 quod
2420 2712 2624 2795 aliqua
2681 2731 2850 2795 parte
2901 2716 3075 2776 color

999 2805 1222 2867 rubeus
1251 2804 1401 2865 mihi
1433 2803 1751 2865 videbatur
1792 2802 2139 2885 aliqualiter
2169 2823 2479 2884 apparere.
2527 2802 2680 2864 Haec
2712 2802 2915 2865 tabula
2944 2825 3075 2866 me-

1001 2894 1225 2956 diocris
1269 2893 1644 2975 quantitatis,
1691 2891 1864 2972 super
1912 2912 2014 2953 vas
2065 2891 2378 2974 quoddam
2424 2912 2838 2953 marmoreum
2888 2893 3076 2974 pofita

1001 2985 1160 3044 intra
1210 3002 1440 3059 muros,
1483 2980 1772 3041 cancellis
1817 2980 2023 3042 ferreis
2070 2982 2449 3062 praemunita,
2489 2983 2564 3041 de
2607 2979 2730 3062 ipsa
2769 2981 3077 3043 vifibiliter

1003 3072 1210 3133 oleum
1254 3069 1416 3151 quasi
1467 3071 1758 3131 continue
1802 3068 2003 3147 stillat,
2034 3071 2199 3150 quod
2251 3070 2536 3131 monachi
2581 3071 2949 3151 recipientes
3000 3071 3075 3133 de

1001 3161 1134 3224 vase
1165 3181 1535 3237 marmoreo,
1565 3161 1730 3241 quod
1778 3157 1983 3220 subtus
2012 3158 2117 3236 est,
2149 3179 2257 3239 per
2289 3158 2599 3220 cancellos
2639 3155 2899 3220 immiss'o
2931 3159 3074 3222 cho·

1003 3247 1269 3310 chleario
1295 3249 1624 3330 peregrinis
1649 3247 2015 3309 distribuunt
2034 3245 2169 3306 satis
2192 3246 2382 3328 large:
2411 3268 2519 3328 per
2544 3269 2794 3308 omnem
2819 3249 3075 3308 modum

1002 3336 1243 3399 videtur
1270 3332 1386 3397 effe
1417 3336 1624 3398 oleum
1656 3337 1854 3398 olivae.

1089 3453 1113 3483 «
1153 3425 1403 3487 Dicitur
1433 3427 1598 3507 quod
1641 3425 1970 3508 aliquando
2014 3423 2089 3485 de
2129 3423 2244 3484 hac
2275 3424 2540 3506 imagine
2571 3424 2779 3486 oleum
2814 3427 3076 3489 miracu-

1003 3515 1125 3577 lose
1153 3515 1360 3590 fluxit3
1391 3513 1485 3574 sed
1519 3511 1560 3574 fi
1592 3514 1712 3575 hoc
1755 3513 2006 3595 quidem
2044 3515 2235 3574 modo
2264 3513 2419 3595 fluit,
2463 3515 2674 3576 divino
2716 3515 2866 3576 fluat
2896 3515 3077 3575 mira-

1002 3606 1166 3682 cu10,
1209 3603 1649 3665 rationabiliter
1686 3602 1931 3678 dubit0;
1984 3601 2043 3664 δι
2094 3604 2277 3663 etiam
2321 3603 2497 3665 multi
2546 3604 2644 3685 alij
2703 3603 2778 3665 de
2825 3604 3077 3664 veritate

1001 3695 1182 3756 huius
1213 3692 1351 3754 faeti
1383 3713 1511 3753 non
1543 3692 1853 3753 immerito
1885 3691 2270 3753 altercantur.
2309 3717 2331 3747 »

1145 3829 1306 3894 [Guil.
1333 3828 1396 3879 de
1425 3826 1704 3890 Baldensel,
1728 3826 2079 3893 Hodoeporicon
2103 3827 2179 3877 ad
2205 3828 2417 3878 Terram
2442 3829 2688 3891 SanHam,
2708 3843 2750 3879 c.
2774 3830 2825 3877 X
2845 3827 2956 3896 (ap.
2980 3829 3080 3878 Ca-

1003 3908 1166 3973 nisiuS,
1183 3907 1466 3975 Thesaurus
1486 3917 1889 3959 monumentorum
1909 3905 2421 3973 ecclejfiasticorum,ed.
2434 3907 2680 3976 Basnage,
2694 3919 2729 3959 t.
2741 3908 2837 3971 IV,
2850 3904 2895 3975 p.
2913 3925 2937 3971 3
2948 3908 3077 3974 56).]

805 4080 846 4150 s.
884 4080 972 4150 Vl
1005 4058 1516 4150 NOTITIA
1583 4056 2350 4148 ANTIOCHIAE
2407 4057 2575 4148 AC
2661 4057 3080 4149 HIERO-

1005 4193 1218 4284 SOL
1230 4192 1558 4282 YMAE
1593 4192 1750 4285 ΡΑ
1768 4190 2674 4282 ΤΚΙΑΚΟΑἾἩΠΜ.
2708 4218 2820 4289 (liv)

1150 4346 1320 4414 [Edita
1349 4345 1520 4415 supra,
1542 4361 1575 4396 t.
1603 4346 1646 4408 1,
1671 4362 1755 4412 pp.
1788 4346 2059 4410 329-345.]
