3620 5680
1351 548 1564 649 (32⁶)
2390 560 2487 647 45

434 808 458 842 ι
493 800 589 847 tur
629 783 900 848 sanetum
947 783 1210 849 Domini
1247 810 1273 843 ›
1324 786 1568 867 (Zach.,
1609 800 1743 863 xtv,
1789 784 1910 865 20).
1973 781 2071 845 Eo
2128 781 2293 843 enim
2336 796 2491 843 tem-

430 893 571 956 pore
620 873 982 936 Adriaticum
1031 898 1192 937 mare
1234 876 1469 957 magnis
1516 874 1801 936 fluctibus
1845 872 2222 949 movebatur,
2272 869 2335 932 in
2364 892 2489 953 quo

429 975 548 1024 tam
595 962 936 1045 frequentia
990 979 1161 1026 erant
1202 964 1510 1047 naufragia
1560 985 1631 1026 ac
1687 961 1982 1024 demerfio
2030 960 2376 1038 hominum,
2425 974 2492 1021 ut

426 1070 650 1133 vorago
702 1053 1127 1138 navigantium
1171 1053 1494 1114 diceretur.
1544 1052 1737 1113 Tunc
1782 1050 2036 1131 provida
2084 1049 2293 1130 regina
2340 1067 2491 1109 con-

426 1137 637 1201 dolens
679 1139 918 1202 excidia
960 1139 1341 1220 miserorum,
1389 1162 1579 1202 unum
1623 1163 1698 1202 ex
1740 1153 2004 1222 quatuor
2042 1137 2229 1199 clavis
2262 1136 2487 1218 deponi

425 1225 590 1288 iubet
632 1228 694 1288 in
737 1227 977 1312 pelago,
1006 1228 1230 1292 confisa
1259 1231 1334 1291 de
1365 1228 1630 1292 Domini
1659 1227 2073 1290 misericordia
2102 1224 2268 1309 quod
2300 1223 2489 1289 saevas

422 1313 720 1377 fluctuum
762 1318 1216 1380 commotiones
1263 1316 1441 1380 facile
1487 1317 1661 1400 possit
1702 1318 2070 1399 opprimere.
2124 1313 2280 1401 Quo
2326 1313 2489 1376 facto

421 1403 692 1466 redditur
722 1425 885 1466 mare
915 1406 1213 1488 quietum,
1253 1405 1703 1489 tranquillaque
1743 1407 2035 1487 deinceps
2064 1402 2489 1486 navigantibus

421 1490 610 1554 flabra
659 1493 1025 1575 praestantur.
1087 1494 1274 1556 Unde
1331 1495 1517 1578 usque
1566 1495 1752 1556 hodie
1803 1509 2003 1555 nautae
2051 1490 2488 1553 sanctificatum

422 1601 588 1643 mare
617 1599 1003 1661 venerantur,
1052 1605 1197 1645 cum
1228 1580 1463 1666 ingreffi
1493 1584 1738 1661 fuerint,
1780 1583 2041 1660 ieiuniis,
2087 1578 2489 1643 orationibus-

423 1690 539 1752 que
570 1669 631 1732 &
662 1670 979 1753 psallentio
1008 1688 1248 1735 vacant.

501 1757 845 1822 Clavorum
874 1782 1020 1843 ergo
1047 1759 1533 1823 Dominicorum
1561 1762 1751 1843 gratia
1776 1761 1942 1843 quod
1976 1774 2238 1842 quatuor
2268 1758 2490 1819 fuerint

420 1846 549 1909 haec
589 1846 674 1909 est
702 1849 890 1910 ratio:
931 1850 1054 1910 duo
1087 1849 1218 1911 sunt
1240 1841 1406 1911 'affixi
1441 1853 1501 1911 in
1534 1848 1771 1931 palmis,
1817 1849 1877 1912 δε
1906 1850 2029 1910 duo
2060 1849 2120 1910 in
2153 1846 2398 1929 plantis:
2429 1844 2490 1908 δι

421 1935 708 2016 quaeritur
735 1956 842 1997 cur
871 1935 1094 2017 plantae
1123 1938 1317 1999 affixae
1345 1936 1476 2015 sint,
1514 1959 1653 2019 quae
1701 1939 1759 1998 in
1777 1957 1975 1998 -cruce
2015 1935 2215 1998 sancta
2257 1935 2487 2016 depen-

421 2023 560 2084 dere
604 2022 741 2085 visae
799 2023 910 2086 sint
938 2026 1142 2105 potius
1172 2046 1357 2107 quam
1389 2024 1578 2087 stare?
1625 2024 1738 2087 Sed
1774 2027 1833 2086 in
1864 2023 2062 2106 stipite
2092 2023 2299 2086 erecto
2330 2023 2491 2085 fora-

421 2131 561 2172 men
593 2110 822 2173 fa&um
865 2113 1249 2175 manifestum
1278 2113 1379 2175 est.
1442 2111 1554 2177 Pes
1585 2136 1836 2198 quoque
1867 2111 2131 2195 parvulae
2176 2110 2397 2174 tabulae
2425 2112 2488 2173 in

418 2197 538 2259 hoc
569 2199 844 2261 foramen
876 2200 1125 2264 insertus
1156 2201 1272 2278 est;
1312 2200 1485 2284 super
1512 2202 1670 2263 hanc
1700 2223 1849 2264 vero
1879 2200 2170 2279 tabulam,
2199 2216 2488 2281 tanquam

420 2285 625 2350 stantis
653 2287 943 2367 hominis,
974 2289 1148 2351 sacrae
1171 2291 1364 2352 affixae
1396 2289 1530 2352 sunt
1552 2289 1792 2372 plantae.
1838 2327 1918 2336 —
1954 2288 2277 2377 Quaeritur
2302 2290 2487 2350 etiam

419 2376 564 2456 quid
610 2377 686 2438 de
725 2377 819 2440 his
858 2376 1047 2440 clavis
1075 2378 1255 2440 fuerit
1285 2379 1532 2441 factum.
1582 2378 1732 2442 Duo
1764 2378 1918 2457 sunt,
1945 2398 2101 2460 quos
2130 2377 2304 2459 supra
2332 2376 2488 2438 dixi-

419 2484 573 2542 mus,
614 2467 802 2547 aptati
848 2468 910 2527 in
940 2467 1150 2543 fren03
1197 2469 1412 2530 tertius
1455 2468 1767 2549 proiectus
1806 2469 1867 2530 in
1900 2468 2157 2542 fretum;
2206 2481 2487 2549 quartum

420 2538 680 2615 afferunt
707 2551 824 2616 esse
853 2553 1120 2616 defixum
1153 2557 1214 2617 in
1245 2557 1446 2638 capite
1474 2554 1682 2618 statuae
1711 2554 2121 2633 Constantini,
2163 2575 2300 2636 quae
2337 2554 2489 2616 civi-

418 2655 560 2719 tate,
603 2658 670 2704 ut
698 2643 887 2721 aiunt,
936 2659 1065 2705 tota
1117 2642 1409 2706 excelfior
1452 2641 1567 2706 effe
1609 2643 1940 2725 suscipitur,
1989 2641 2216 2704 scilicet
2265 2656 2332 2703 ut
2360 2655 2489 2703 tota

418 2730 515 2791 cui
547 2731 794 2809 eminet,
823 2733 1168 2794 munitione
1216 2731 1416 2794 salutis
1463 2733 1732 2815 quodam
1763 2731 1951 2794 modo
1986 2730 2157 2814 galea
2200 2745 2489 2792 coronata

418 2815 577 2881 effet.
622 2818 925 2902 Magnam
956 2819 1212 2884 afferunt
1242 2822 1529 2885 virtutem
1571 2820 1686 2884 effe
1716 2822 1895 2884 huius
1926 2821 2108 2883 freni:
2160 2820 2326 2903 quod
2358 2840 2487 2881 am-

417 2908 538 2990 bigi
596 2921 983 2992 nequaquam
1036 2911 1251 2991 potest,
1310 2910 1477 2993 quod
1527 2908 1791 2972 Iustinus
1853 2912 2185 2992 imperator
2242 2908 2486 2990 publice

417 3010 701 3078 expertus
745 2995 830 3058 est
871 3018 942 3059 ac
972 2996 1088 3060 suis
1117 2999 1404 3061 omnibus
1436 2999 1740 3081 patefecit.
1786 2996 2004 3060 Illusus
2046 2998 2213 3059 enim
2257 3017 2292 3058 a
2331 3018 2487 3078 quo-

415 3085 556 3145 dam
598 3106 777 3167 mago
826 3102 1074 3168 propter
1116 3088 1443 3169 pecuniam
1487 3085 1778 3166 amissam,
1845 3108 1984 3169 quae
2031 3084 2137 3147 fibi
2185 3086 2485 3149 daemonis

416 3173 632 3235 umbra
671 3174 1083 3237 intolerabiles
1115 3198 1223 3258 per
1254 3176 1510 3237 duarum
1550 3176 1850 3238 curricula
1892 3176 2167 3237 noctium
2198 3171 2485 3235 intuliffet

415 3260 707 3323 indicavit
746 3262 1003 3341 infidias,
1047 3263 1141 3324 sed
1194 3283 1338 3325 cum
1369 3265 1545 3326 tertia
1573 3263 1758 3325 nocte
1788 3265 2028 3325 frenum
2070 3263 2257 3344 capiti
2287 3261 2486 3323 collo-

413 3346 613 3427 caffet,
642 3349 852 3412 locum
881 3350 1199 3413 insidiandi
1232 3353 1517 3413 inimicus
1547 3351 1707 3414 ultra
1735 3374 1860 3414 non
1888 3351 2119 3429 habuit,
2146 3366 2486 3433 repertum-

413 3457 533 3519 que
561 3438 875 3501 auc'torem
903 3437 1253 3502 insidiarum
1280 3439 1484 3522 gladio
1515 3440 1775 3523 perculit
1803 3485 2138 3502 ........
2190 3465 2215 3496 a>

556 3575 995 3724 [Greg.]Turon.,
1021 3579 1097 3628 De
1121 3575 1293 3645 gloria
1322 3586 1616 3644 martyrum,
1640 3576 1670 3629 l.
1701 3579 1742 3641 1,
1768 3595 1813 3629 c.
1845 3596 1870 3642 5
1900 3578 1947 3628 &
1977 3582 2005 3628 6
2044 3575 2151 3644 (ed.
2186 3571 2416 3640 Bordier‚
2444 3576 2486 3639 1,

414 3673 501 3725 pp.
536 3672 690 3719 12-19
724 3693 737 3706 .

497 3818 523 3850 e
562 3791 909 3879 Quomodo
942 3795 1188 3856 inventa
1231 3794 1342 3856 fuit
1382 3794 1582 3858 saneta
1609 3817 1761 3857 crux
1805 3796 1951 3858 scire
1982 3795 2293 3856 debemus.
2338 3791 2483 3855 Fuit

411 3881 474 3943 in
506 3893 783 3963 tempore
806 3880 1195 3946 Constantini
1227 3884 1477 3965 quidam
1508 3882 1767 3966 serpenS,
1796 3886 1902 3966 qui
1927 3883 2292 3946 comedebat
2322 3882 2482 3943 mul·
2535 3953 2538 3956 Α

411 3983 507 4032 tos
545 3970 826 4033 homines
867 3970 1293 4034 Romanorum
1340 3971 1400 4034 &
1430 3971 1678 4034 bestias:
1729 3973 1896 4034 venit
1941 3974 2145 4055 itaque
2180 3970 2484 4034 Constan-

412 4057 594 4136 tinus,
636 4056 696 4120 &
736 4059 966 4121 occidit
994 4058 1350 4141 serpentem,
1388 4060 1447 4122 ὅτ
1477 4062 1552 4121 de
1581 4082 1822 4123 veneno
1853 4060 2144 4143 serpentis
2173 4060 2368 4122 factus
2399 4060 2484 4121 est

410 4144 696 4227 leprosus.
722 4146 825 4217 Sui
847 4147 1129 4211 homines
1148 4163 1475 4231 coeperunt
1496 4171 1769 4232 quaerere
1792 4150 2066 4212 medicos
2084 4150 2188 4231 qui
2206 4147 2481 4209 sanarent

412 4255 574 4296 eum.
618 4236 718 4297 Ad
764 4234 1052 4297 ultimum
1080 4239 1249 4299 venit
1277 4238 1526 4320 quidam
1555 4238 1853 4317 medicus,
1896 4239 2000 4321 qui
2049 4238 2203 4299 dixit
2247 4235 2303 4299 se
2337 4256 2480 4297 eum

412 4321 635 4404 sanare,
677 4323 839 4386 unde
889 4325 1005 4387 fuit
1033 4339 1321 4411 magnum
1348 4326 1643 4409 gaudium
1686 4327 1845 4389 inter
1887 4327 2221 4390 Romano&
2270 4324 2481 4388 Dixit—
