3620 5680
1033 532 1168 613 134
1243 534 1248 540 ·
1422 575 1429 578 -
1940 512 2151 611 (417)

1024 750 1108 814 Et
1121 748 1317 812 statim
1334 763 1731 812 correxerunt
1742 749 1897 829 vela,
1919 750 1978 813 ὅτ
1993 750 2323 813 deveniunt
2344 751 2404 812 in
2429 749 2681 813 insulam
2697 748 3078 833 qua[m]dam

1023 861 1208 924 quarn
1237 838 1435 901 hostes
1458 839 2011 918 circumdederant,
2043 839 2102 901 &
2124 861 2339 903 omnes
2353 840 2518 903 viros
2540 861 2682 901 cum
2705 838 2996 902 uxoribus
3019 839 3078 902 &

1022 928 1161 991 filiis
1193 926 1556 1008 depredatos
1596 926 1982 1007 abstulerant,
2028 950 2183 1010 quos
2225 929 2409 991 etiam
2449 931 2670 992 iterum
2710 929 3081 1006 distraentes,

1027 1017 1216 1099 pretia
1245 1016 1644 1098 postulabant,
1680 1018 1764 1080 ita
1787 1033 1856 1080 ut
1887 1017 1927 1079 fi
1959 1017 2174 1081 nolent
2200 1040 2308 1081 eos
2351 1019 2648 1081 redimere
2677 1018 2736 1081 &
2765 1017 2902 1079 illos
2926 1037 3080 1100 quos

1025 1105 1485 1187 captivaverunt
1507 1105 1877 1184 occiderent,
1911 1105 1971 1168 &
2001 1106 2189 1188 ipsam
2219 1106 2470 1169 insulam
2506 1106 2627 1189 igni
2662 1105 3082 1168 consummere

1025 1194 1431 1255 minabantur.
1458 1192 1680 1280 Quum
1702 1210 1907 1256 autern
1936 1196 2157 1256 horum
2186 1195 2354 1258 navis
2382 1195 2456 1256 ad
2487 1195 2664 1257 litora
2693 1196 2872 1258 maris
2888 1193 3085 1276 adpli-

1026 1280 1256 1360 cuiffet,
1293 1283 1543 1345 audiens
1585 1281 1903 1363 episcopus
1946 1282 2212 1344 eiusdem
2253 1283 2375 1345 loci
2406 1283 2572 1366 quod
2604 1284 2777 1345 beata
2810 1282 3085 1344 Melania

1028 1373 1256 1433 ibidem
1279 1372 1569 1453 navigans
1584 1368 1960 1453 adplicuiss'et
1986 1372 2128 1451 (iam
2144 1372 2308 1432 enim
2329 1394 2404 1434 ex
2430 1373 2588 1433 fama
2611 1372 2778 1433 omni
2803 1372 2944 1432 loco
2972 1391 3086 1432 no·-

1029 1483 1169 1524 men
1193 1461 1321 1522 eius
1360 1460 1751 1538 intonuerat),
1780 1460 1949 1521 venit
1972 1481 2115 1520 cum
2147 1461 2448 1541 prioribus
2480 1461 2742 1522 civitatis
2785 1480 3003 1541 rogans
3026 1458 3085 1521 &

1030 1567 1263 1635 petens,
1300 1564 1385 1626 ut,
1418 1543 1458 1607 fi
1481 1544 1624 1609 effet
1651 1547 1852 1609 adhuc
1887 1548 1945 1609 in
1979 1548 2276 1627 manibus,
2307 1549 2534 1611 miseris
2556 1548 2916 1623 subveniret,
2943 1567 3086 1610 nam

1029 1639 1213 1722 usque
1241 1638 1315 1699 ad
1348 1637 1470 1697 duo
1500 1635 1667 1697 milia
1696 1637 2065 1719 quingentos
2100 1635 2321 1700 solidos
2363 1638 2750 1719 captivorum
2785 1638 3086 1700 redemtio

1030 1725 1418 1810 querebatur,
1437 1722 1496 1784 &
1518 1744 1702 1784 nemo
1728 1738 1857 1784 erat
1872 1724 1977 1805 qui
2002 1724 2452 1807 misere[re]tur.
2479 1725 2640 1788 Mox
2656 1747 2803 1787 vero
2830 1741 2895 1787 ut
2919 1723 3091 1785 audi-

1030 1817 1120 1877 vit
1141 1812 1488 1890 beatissima,
1516 1812 1598 1873 ita
1625 1811 1947 1874 condoluit
1975 1811 2137 1895 quas1
2160 1813 2281 1895 ipsa
2304 1830 2609 1877 teneretur
2631 1814 2690 1877 &
2718 1814 2915 1876 statim
2946 1834 3092 1895 pro-

1032 1905 1228 1966 ferens
1252 1922 1485 1978 aurum,
1508 1922 1721 1963 omnes
1745 1921 1779 1960 a
1813 1902 2041 1963 maiore
2073 1901 2255 1983 usque
2286 1905 2357 1964 ad
2390 1904 2691 1964 minorem
2720 1924 2877 1985 quos
2905 1898 3090 1962 hostis

1033 1992 1277 2056 tenebat
1319 1991 1613 2071 captivoS,
1665 1988 1806 2050 dato
1853 1991 2069 2070 preti0‚
2112 1993 2503 2053 redimerunt.
2548 1988 2797 2072 Insuper
2839 1989 2898 2051 &
2940 1988 3091 2051 alios

1034 2081 1400 2164 quingentos
1419 2076 1640 2139 solidos
1664 2077 1722 2137 in
1748 2077 1928 2140 husus
1953 2078 2037 2140 eis
2062 2077 2383 2161 largientes
2408 2079 2808 2141 donaverunt.
2842 2078 2944 2140 De
2967 2077 3093 2140 cel-

1034 2170 1184 2231 lario
1208 2187 1352 2228 vero
1388 2165 1428 2227 fi
1452 2165 1597 2248 quid
1641 2165 1946 2226 obtimum
1976 2166 2198 2228 habere
2243 2169 2461 2249 potuit,
2489 2169 2576 2231 eis
2612 2168 2900 2250 inpartita
2920 2164 3006 2227 est
3034 2167 3093 2230 &

1033 2258 1108 2319 ab
1131 2255 1360 2338 ingenti
1378 2254 1632 2336 penuria
1651 2252 1711 2314 &
1731 2253 1889 2314 fame
1910 2275 2016 2317 eos
2038 2254 2481 2318 relevaberunt.
2507 2255 2732 2318 Adhuc
2751 2255 2810 2318 ὅτ
2829 2255 3087 2338 qua[m]-
3121 2270 3156 2318 f.
3183 2285 3284 2331 249
3299 2287 3353 2328 a,
3381 2268 3476 2315 col.
3502 2281 3521 2313 1

1035 2347 1176 2406 dam
1207 2360 1572 2419 matronam,
1602 2362 1720 2424 que
1751 2342 1942 2405 fuerat
1964 2341 2140 2405 valde
2161 2344 2407 2421 nobilis,
2437 2344 2752 2406 tenebatur
2772 2365 2807 2404 a
2828 2343 3095 2405 barbaris

1036 2455 1144 2516 pro
1175 2431 1542 2516 quingentos
1572 2428 1810 2505 solidos,
1844 2430 1902 2492 &
1930 2432 2089 2493 hanc
2119 2433 2487 2495 redimentes
2519 2432 2877 2494 remiserunt
2897 2433 2970 2493 ad
2997 2431 3096 2492 sua

1033 2523 1206 2589 &ita
1255 2520 1395 2581 inde
1437 2518 1690 2601 profecssti
1730 2517 1865 2582 sunt
1900 2521 2285 2601 navigantes,
2339 2521 2559 2583 iterum
2590 2534 2976 2583 revertuntur
3024 2519 3096 2580 ad

1033 2612 1308 2697 Africam
1349 2605 1409 2667 &
1450 2608 1794 2667 conmorati
1838 2606 1970 2669 sunt
2015 2608 2244 2670 ibidem
2287 2609 2516 2691 septem
2555 2610 2728 2671 annis
2770 2607 2831 2670 δε
2873 2608 3100 2670 ibidem

1034 2698 1288 2781 captivis
1319 2694 1510 2756 multa
1541 2693 1891 2776 prestantes·

1119 2813 1144 2845 α
1182 2785 1280 2849 Sic
1311 2783 1533 2847 iterum
1563 2782 1914 2862 beatiffima,
1944 2805 2063 2846 una
2090 2807 2234 2847 cum
2264 2801 2454 2848 matre
2484 2785 2584 2848 sua
2619 2783 2680 2847 δι
2709 2785 2886 2848 beato
2918 2786 3098 2848 fratre

1035 2877 1161 2955 suo,
1215 2875 1290 2935 ab
1339 2873 1558 2957 Africa
1612 2873 2053 2954 navigaverunt
2110 2875 2170 2936 in
2219 2875 2548 2940 Orientem
2590 2874 2649 2937 ὅτ
2694 2888 3102 2956 pervenerunt

1036 2963 1465 3040 Alexandriam,
1495 2960 1554 3022 ὅτ
1590 2960 2004 3042 ospitabantur
2040 2963 2200 3043 apud
2237 2962 2506 3026 sanaum
2538 2963 2890 3045 episcopum
2914 2961 3102 3026 Ciril-

1037 3055 1187 3131 lum,
1225 3051 1284 3113 &
1325 3048 1475 3112 ficut
1504 3049 1759 3110 decebat
1807 3048 2182 3111 sanctitatem
2211 3051 2340 3113 eius
2370 3049 2622 3132 suscepit
2656 3070 2780 3112 eos.
2821 3049 3104 3131 Contigit

1038 3157 1241 3206 autem
1264 3140 1322 3202 &
1347 3137 1618 3200 san&um
1642 3135 1990 3216 Nestorem,
2018 3139 2219 3199 virum
2247 3139 2569 3220 prophetie
2598 3138 2853 3219 gratiam
2875 3138 3104 3200 haben-

1039 3248 1184 3308 tem,
1213 3225 1327 3290 effe
1352 3227 1458 3289 illo
1489 3241 1796 3307 tempore;
1837 3226 2228 3288 consueverat
2254 3228 2419 3287 enim
2444 3248 2551 3308 per
2582 3242 2822 3308 tempus
2851 3225 3104 3288 beatissi-

1040 3340 1176 3381 mus
1205 3317 1306 3378 hic
1335 3315 1570 3397 ingredi
1601 3315 1663 3376 in
1703 3315 2018 3376 civitatem
2048 3331 2302 3396 propter
2331 3315 2608 3377 sanitates
2632 3313 3070 3375 infirmantium
3086 3340 3104 3389 3

1040 3407 1300 3470 habebat
1339 3406 1504 3466 enim
1546 3403 1605 3464 δι
1643 3403 1801 3465 hanc
1842 3403 2117 3486 gratiam.
2149 3402 2368 3466 San&a
2397 3425 2544 3466 vero
2577 3402 2699 3466 Dei
2732 3424 2875 3465 cum
2916 3418 3103 3464 matre

1040 3497 1100 3559 &
1131 3497 1232 3558 suo
1265 3495 1446 3556 fratre
1478 3490 1734 3554 Piniano
1764 3492 2091 3554 habierunt
2129 3493 2202 3554 ad
2247 3493 2583 3555 videndum
2614 3491 2739 3555 Dei
2769 3493 3105 3569 hominem,

1042 3586 1116 3648 ad
1147 3605 1331 3668 quem
1354 3581 1414 3643 &
1437 3580 1628 3643 multa
1658 3581 1830 3642 turba
1853 3582 2159 3643 introibat.

1124 3700 1149 3731 «z
1181 3673 1470 3754 Cumque
1497 3669 1725 3731 vellent
1755 3670 2013 3753 ingredi,
2042 3667 2210 3731 divisi
2240 3669 2375 3732 sunt
2405 3671 2562 3732 beati
2603 3670 2662 3730 in
2697 3669 2889 3732 tribus
2919 3669 3106 3751 parti-

1043 3765 1153 3825 bus
1178 3783 1285 3842 pre
1309 3760 1504 3836 turba,
1540 3758 1923 3840 contigitque
1947 3759 2193 3820 beatum
2213 3757 2536 3821 Pinianum
2561 3758 2829 3839 primum
2851 3757 3108 3839 ingredi,

1044 3852 1103 3914 ὅτ
1132 3851 1236 3933 qui
1269 3848 1759 3929 ingrediebantur
1799 3845 1940 3908 oleo
1987 3845 2119 3931 (stc)
2162 3868 2196 3907 a
2239 3846 2445 3908 sandio
2475 3845 2875 3928 accipiebant.
2922 3844 3103 3926 Aspi-

1043 3943 1210 4002 ciens
1233 3954 1437 4000 autem
1460 3935 1695 3997 sanctus
1717 3932 2062 4013 Nestorius,
2092 3935 2346 3998 intuitus
2377 3934 2461 3996 est
2484 3934 2757 3997 sanetum
2783 3932 3103 3995 Pinianum

1046 4031 1104 4092 δι
1135 4024 1305 4089 senfit
1346 4025 1408 4086 in
1438 4023 1646 4106 spiritu
1678 4024 1814 4106 quis
1850 4022 1994 4084 effet
2023 4022 2082 4085 &
2112 4023 2573 4105 adprehendens
2598 4023 2672 4083 de
2705 4023 2880 4084 turba
2910 4023 3106 4084 tenuit

1044 4139 1186 4180 eum
1235 4116 1400 4176 iuxta
1442 4113 1519 4192 se,
1565 4112 1624 4175 ὅτ
1675 4111 1807 4193 post
1857 4111 2113 4174 multam
2159 4112 2401 4173 turbam
2451 4112 2709 4194 contigit
2757 4110 2816 4172 &
2866 4111 3106 4173 beatam
3133 4127 3168 4174 f.
3187 4143 3290 4190 249
3302 4146 3353 4189 a,
3377 4131 3481 4177 col.
3501 4145 3534 4177 2

1046 4205 1292 4267 introire
1337 4204 1698 4281 Melaniam,
1740 4202 1799 4264 &
1844 4201 2028 4285 ipsam
2065 4200 2334 4263 similiter
2373 4197 2779 4277 considerans,
2818 4200 3014 4261 tenuit
3048 4199 3107 4262 &

1045 4292 1248 4356 statuit
1278 4295 1619 4356 cumfratre
1649 4292 1771 4354 su0.
1794 4290 2019 4352 Tertia
2035 4289 2169 4376 (stc)
2199 4309 2348 4350 vero
2372 4288 2815 4372 ingredientem
2845 4286 3108 4351 sanEtam
