3620 5680
1111 483 1210 583 48
2033 484 2253 586 (μό)

1114 725 1191 789 de
1219 725 1385 791 istius
1426 724 1600 787 obitu
1628 725 1833 789 omnis
1859 722 2133 804 ecclelia,
2181 722 2241 787 &
2280 740 2406 787 erat
2445 726 2522 786 de
2562 723 2932 786 haelitatione
2978 727 3179 799 crucis

1115 813 1472 877 Dominicae
1515 812 1753 876 infinita
1783 813 2037 876 tristitia.
2080 810 2251 875 Inter
2281 829 2599 895 utramque
2623 812 3180 877 ,consternationem

1113 900 1341 985 positus
1371 904 1464 966 vir
1490 901 1613 966 Dei
1645 901 2027 980 Macharius,
2055 902 2322 963 eiusdem
2345 901 2611 964 civitatis
2633 899 2897 979 antistes,
2925 904 3179 984 cupiens

1111 990 1171 1053 δι
1213 991 1563 1054 moestitiam
1608 990 1823 1072 populi
1867 988 1927 1051 &
1956 988 2428 1051 sollicitudinem
2465 989 2688 1071 reginae
2724 991 2978 1070 auferre,
3023 992 3180 1055 iuffit

1113 1095 1357 1160 portare
1404 1079 1743 1162 grabatum,
1806 1080 1870 1140 in
1920 1098 2044 1161 quo
2096 1077 2359 1145 Libania
2408 1077 2830 1140 decumbebat.
2889 1079 3178 1163 Cumque

1110 1167 1260 1235 illuc
1289 1165 1486 1230 fuiffet
1513 1189 1741 1250 corpus
1770 1166 2126 1245 adductum,
2154 1166 2444 1248 expandit
2474 1166 2793 1248 episcopus
2816 1166 3178 1234 Macharius

1024 1286 1029 1291 ·
1111 1277 1327 1318 manus
1354 1255 1484 1321 suas
1512 1257 1586 1318 ad
1616 1255 1848 1319 coelum
1877 1255 1937 1318 &
1966 1255 2146 1318 dixit:
2186 1280 2211 1312 α
2241 1254 2373 1334 Tu,
2417 1255 2811 1336 omnipotens
2847 1255 3044 1336 Deus,
3072 1261 3177 1341 qui

1113 1371 1139 1403 e
1172 1365 1278 1427 per
1305 1346 1689 1427 unigenitum
1717 1343 1947 1406 Filium
1979 1360 2152 1406 tuum
2201 1343 2452 1406 salutem
2501 1343 2708 1424 generi
2757 1345 3027 1408 humano
3071 1369 3179 1429 per

1113 1459 1139 1491 e
1170 1434 1498 1516 pastionem
1527 1433 1724 1496 crucis
1756 1433 1886 1495 eius
1909 1433 2184 1494 conferre
2208 1434 2491 1515 dignatus
2514 1454 2599 1510 eS,
2626 1432 2687 1496 δι
2708 1435 2958 1496 nuncin
2980 1434 3180 1497 novis-

1114 1548 1139 1579 «
1168 1522 1330 1586 fimis
1354 1522 1737 1604 temporibus
1760 1519 2022 1602 aspirasti
2046 1523 2110 1582 in
2136 1521 2322 1583 corde
2345 1520 2583 1583 ancillae
2607 1538 2727 1584 tuae
2755 1522 3014 1585 Helenae
3038 1545 3179 1605 per-

1114 1637 1139 1668 ‹
1171 1610 1416 1695 quirere
1435 1610 1671 1695 lignum
1685 1610 1955 1687 beatum,
1978 1610 2041 1671 in
2060 1632 2184 1691 quo
2203 1608 2354 1673 salus
2375 1608 2578 1671 nostra
2592 1611 2904 1692 pependit,
2928 1610 3179 1675 ostende

1113 1725 1139 1757 (
1168 1705 1333 1763 nu'nc
1357 1699 1672 1762 evidenter
1694 1720 1769 1761 ex
1790 1698 1886 1761 his
1910 1698 2122 1777 tribus,
2146 1720 2283 1780 quae
2302 1718 2452 1760 crux
2476 1698 2658 1760 fuerit
2682 1697 2755 1760 ad
2778 1698 3180 1762 Dominicam

1113 1814 1139 1846 ι
1167 1788 1448 1870 gloriam,
1495 1787 1592 1849 vel
1636 1809 1774 1870 quae
1803 1787 2114 1849 extiterint
2156 1788 2230 1847 ad
2262 1785 2472 1848 servile
2502 1785 2889 1868 supplicium,
2938 1805 3006 1850 ut
3046 1788 3179 1851 haec

1112 1902 1139 1934 ι
1170 1876 1390 1940 mulier
1419 1899 1556 1960 quae
1589 1876 1878 1938 semiviva
1905 1875 2238 1952 decumbit,
2265 1874 2462 1939 statim
2495 1891 2562 1936 ut
2591 1896 2726 1937 eam
2755 1875 2994 1959 lignum
3023 1875 3178 1940 salu-

1112 1990 1137 2021 ‹
1170 1979 1297 2027 tare
1320 1965 1667 2047 contigerit,
1688 1985 1723 2025 a
1745 1964 1959 2026 mortis
1986 1964 2180 2027 ianuis
2202 1979 2524 2026 revocetur
2546 1965 2618 2026 ad
2644 1964 2851 2026 vitam.
2877 1989 2900 2020 »
2929 1962 3013 2026 Et
3034 1984 3175 2025 cum

1109 2054 1230 2115 hoc
1261 2051 1514 2130 dixiffet,
1545 2052 1824 2119 adhibuit
1848 2052 2047 2133 primo
2070 2055 2256 2113 unam
2286 2075 2361 2114 ex
2392 2053 2605 2130 tribus,
2633 2052 2694 2115 &
2718 2051 2873 2115 nihil
2896 2052 3150 2134 perfecit
3160 2079 3178 2127 3

1109 2141 1385 2204 adhibuit
1434 2139 1780 2219 secundam,
1832 2139 1892 2202 &
1939 2161 2055 2201 nec
2104 2137 2183 2201 fic
2233 2141 2484 2223 quidem
2536 2141 2766 2224 aliquid
2818 2141 3024 2204 aestum
3073 2137 3176 2201 est.

1108 2230 1202 2292 Ut
1228 2250 1372 2291 vero
1404 2229 1681 2301 admovit
1709 2234 1974 2306 tertiam,
2017 2245 2268 2309 repente
2298 2230 2523 2312 apertis
2554 2229 2749 2292 oculis
2778 2229 2999 2292 mulier
3025 2251 3176 2292 con-

1107 2316 1381 2396 surrexit,
1425 2317 1484 2379 &
1513 2315 1833 2380 stabilitate
1862 2317 2086 2378 virium
2133 2333 2397 2399 recepta,
2440 2318 2696 2380 alacrior
2729 2317 2948 2397 multo,
2994 2339 3179 2402 quam

1108 2428 1253 2469 cum
1275 2405 1415 2469 sana
1435 2407 1649 2484 fiierat,
1680 2422 1806 2468 tota
1831 2406 2020 2466 domo
2046 2405 2375 2468 discurrere
2405 2406 2464 2469 &
2495 2405 2887 2490 magnificare
2912 2406 3178 2470 Domini

1107 2496 1452 2577 potentiam
1480 2495 1688 2576 coepit.
1746 2495 1846 2555 Sic
1875 2494 2143 2555 evidenti
2191 2495 2422 2556 indicio
2468 2496 2696 2577 regina,
2749 2496 2876 2556 voti
2920 2515 3179 2579 compos

1106 2583 1346 2663 effecta,
1377 2583 1679 2664 templum
1709 2580 2038 2643 mirificum
2069 2581 2130 2642 in
2160 2604 2234 2644 eo
2266 2582 2428 2660 loc0,
2478 2584 2541 2644 in
2572 2606 2696 2665 quo
2727 2605 2974 2645 crucem
3002 2587 3180 2664 repe-

1108 2688 1291 2750 rerat,
1316 2672 1484 2754 regia
1505 2671 1841 2732 ambitione
1864 2670 2216 2732 construxit.
2242 2671 2472 2734 Clavos
2495 2693 2763 2754 quoque,
2794 2672 3015 2754 quibus
3038 2693 3179 2733 cor-

1107 2783 1220 2844 pus
1252 2760 1515 2823 Domini
1567 2760 1762 2821 fuerat
1791 2760 2062 2836 affixum,
2113 2775 2315 2840 portat
2345 2761 2417 2820 ad
2447 2759 2663 2838 filium,
2706 2783 2780 2822 ex
2824 2761 3046 2845 quibus
3076 2759 3178 2821 ille

1106 2851 1313 2913 frenos
1373 2849 1735 2932 composuit,
1785 2848 2007 2931 quibus
2057 2863 2326 2910 uteretur
2375 2850 2447 2910 ad
2507 2848 2757 2929 bellum,
2811 2849 2871 2912 &
2922 2872 2997 2912 ex
3046 2848 3178 2912 aliis

1108 2938 1346 3024 galeam
1376 2937 1778 3000 nihilominus
1824 2935 1964 2998 belli
2000 2932 2199 2998 ufibus
2231 2954 2433 3018 aptam
2465 2939 2651 3000 fertur
2681 2936 2946 3001 armaffe.
2991 2938 3175 3022 Ligni

1108 3048 1257 3091 vero
1307 3028 1486 3109 ipfius
1524 3025 1790 3088 salutaris
1822 3041 2058 3107 partem
2090 3024 2308 3087 detulit
2335 3024 2498 3103 fi1i0;
2539 3043 2776 3109 partem
2806 3049 2953 3090 vero
2987 3027 3178 3089 thecis

1106 3116 1416 3199 argenteis
1446 3115 1760 3176 conditam
1792 3112 2119 3194 dereliquit
2164 3114 2224 3174 in
2278 3112 2439 3192 loc0,
2492 3137 2629 3198 quae
2670 3117 2854 3177 etiam
2897 3137 3061 3177 nunc
3102 3116 3174 3176 ad

1108 3204 1473 3267 memoriam
1507 3201 1761 3264 sollicita
1791 3202 2181 3264 veneratione
2213 3201 2536 3265 servantur.
2566 3228 2590 3260 x>

1249 3312 1585 3382 [Altmannus
1617 3309 2016 3376 AltivillarenfiS,
2045 3310 2163 3362 Vita
2173 3309 2224 3376 JI
2254 3310 2471 3377 Helena,
2495 3329 2543 3364 c.
2578 3313 2646 3377 11,
2670 3330 2718 3365 n.
2747 3316 2906 3366 26-28
2940 3315 3071 3379 (ΑΛ.
3099 3313 3176 3363 SS.

1107 3392 1256 3459 Ball„
1285 3395 1436 3464 Aug.
1468 3393 1564 3455 111,
1592 3390 1757 3459 580).]
2311 3395 2314 3400 '

1189 3536 1213 3570 e
1251 3510 1512 3594 Legistis
1547 3523 1751 3570 tamen
1782 3509 1947 3591 quod
1981 3507 2183 3571 saneta
2211 3509 2453 3572 Helena
2491 3531 2740 3572 crucem
2773 3509 3175 3572 Dominicam

1105 3622 1214 3684 per
1245 3599 1517 3661 medium
1547 3598 1729 3659 secari
1763 3596 1928 3675 fecit,
1958 3596 2018 3659 &
2046 3619 2294 3659 crucem
2320 3598 2841 3682 Constantinopolim
2872 3601 2945 3661 ad
2979 3598 3175 3659 filium
3231 3639 3237 3644 ·

1107 3688 1346 3767 detulit,
1374 3707 1747 3767 crucemque
1777 3685 2184 3774 Hierosolymis
2213 3687 2478 3768 reliquit.
2516 3711 2542 3744 ι

1247 3794 1525 3865 [AnselluS‚
1564 3806 1744 3846 cantor
1786 3793 1823 3846 s.
1873 3794 2110 3863 sepulcri,
2154 3795 2363 3864 Epistola
2397 3799 2472 3847 ad
2510 3794 2752 3863 ecclefiam
2790 3793 3105 3863 Parifiensem
3128 3812 3173 3846 a.

1109 3881 1239 3928 1108
1269 3875 1499 3944 (Migne,
1524 3876 1660 3926 Patr.
1690 3873 1797 3939 lat„
1826 3875 2040 3940 CLXII,
2065 3892 2112 3926 c.
2148 3874 2326 3944 731).]

1188 3992 1433 4077 «Igitur
1455 4015 1599 4056 cum
1625 4015 1731 4075 per
1754 4014 2045 4055 arcanum
2069 3994 2335 4077 antiquae
2357 3993 2719 4056 Divinitatis
2742 3992 3174 4071 archisterium,

1106 4083 1547 4149 Constantinus
1597 4083 1930 4165 imperator
1960 4082 2314 4145 Romanum
2346 4083 2657 4166 quondam
2691 4080 2929 4144 rexisset
2980 4083 3174 4163 impe-

1105 4174 1285 4251 rium,
1335 4172 1414 4234 ob
1466 4171 1609 4234 fidei
1655 4171 1854 4233 semen
1899 4173 2013 4233 hac
2058 4171 2115 4232 &
2163 4170 2300 4233 illac
2350 4172 2578 4254 ubique
2628 4172 3046 4253 spargendum,
3097 4171 3171 4231 de

1016 4278 1021 4284 ·
1103 4278 1285 4352 gente
1332 4262 1394 4323 in
1442 4277 1711 4345 gentem,
1759 4260 1820 4323 &
1862 4262 1939 4322 de
1985 4255 2172 4343 regno
2199 4260 2482 4322 ¹transivit
2529 4261 2588 4322 in
2629 4280 2882 4343 regnum
2916 4257 3173 4340 (Psalm.,
