3620 5680
1089 538 1178 621 50
1656 464 1665 467 ³
2008 521 2219 619 (326)

1082 732 1156 793 ab
1188 733 1273 796 eis
1303 732 1500 794 voluit
1529 732 1673 795 scire
1704 733 1870 815 quod
1901 732 2218 796 nesciebat.
2271 732 2384 795 Sed
2416 754 2558 795 cum
2587 734 2805 797 veritas
2837 737 2921 797 rei
2953 735 3027 796 ab
3056 737 3142 798 eis

1076 821 1245 883 nulla
1290 822 1529 883 ratione
1574 821 1764 903 posset
1808 821 2165 905 investigari,
2216 821 2513 884 continuo
2545 823 2695 883 iuffit
2746 844 2961 886 omnes
3007 824 3144 907 igne

1076 912 1356 988 cremari,
1401 925 1467 971 ut
1493 909 1591 970 vel
1624 906 1701 971 fic
1732 932 1839 973 eos
1869 926 2117 993 cogeret
2147 911 2396 973 monitis
2427 911 2679 971 obedire
2710 910 2950 990 divinis,
2989 935 3144 995 quos

1078 1000 1151 1061 ad
1181 1001 1302 1061 hoc
1331 1021 1444 1060 nec
1476 998 1909 1061 blandimentis
1940 1015 2175 1080 poterat
2206 1019 2539 1080 provocare
2569 1021 2684 1060 nec
2715 1001 2913 1063 minis.
2954 999 3143 1063 Iudaei

1079 1105 1283 1151 autem
1334 1085 1571 1149 sibimet
1622 1088 1761 1148 inde
1792 1089 2099 1164 timentes,
2145 1087 2204 1149 &
2253 1088 2454 1149 vivere
2504 1087 2707 1171 potius
2758 1110 2942 1172 quam
2991 1091 3143 1152 mori

1079 1178 1414 1259 cupientes,
1459 1177 1725 1255 tandem,
1774 1177 1848 1237 ad
1894 1174 2328 1237 ostendendam
2381 1176 2484 1238 fibi
2528 1178 2851 1240 veritatem
2899 1179 3146 1257 nudam,

1082 1288 1192 1349 pro
1236 1264 1290 1326 se
1333 1263 1619 1326 omnibus
1663 1265 2042 1328 tradiderunt
2083 1262 2319 1328 Iudam.
2373 1264 2589 1351 Quem
2634 1287 2778 1328 cum
2821 1287 2935 1327 nec
2966 1267 3147 1330 minis

1082 1371 1322 1432 terrere,
1371 1375 1484 1415 nec
1529 1352 1959 1416 blandimentis
1999 1356 2223 1416 adhoc
2254 1354 2443 1437 poffet
2472 1354 2736 1433 allicere,
2787 1371 2854 1417 ut
2881 1356 3007 1417 veri
3035 1356 3147 1418 ali-

1083 1445 1228 1527 quid
1258 1445 1395 1505 inde
1419 1444 1603 1507 vellet
1620 1446 1846 1523 dicere,
1867 1445 2163 1507 continuo
2182 1442 2502 1525 suscipiens
2526 1444 2601 1505 de
2625 1444 2911 1507 omnibus
2935 1466 3148 1523 unum,

1086 1555 1192 1615 per
1234 1532 1461 1613 septem
1496 1535 1623 1596 dies
1668 1534 1820 1597 iuffit
1857 1555 1997 1595 eum
2038 1534 2097 1594 in
2143 1533 2276 1595 lacu
2319 1533 2533 1595 servari
2580 1533 2895 1611 ieiunium,
2933 1533 3150 1616 usque-

1085 1644 1229 1704 quo,
1279 1621 1503 1703 septem
1549 1622 1761 1685 diebus
1806 1622 2087 1699 evolutis,
2135 1644 2205 1683 ea
2247 1621 2483 1684 ratione
2528 1621 2667 1683 inde
2710 1620 2765 1682 se
2817 1622 3150 1704 postularet

1087 1711 1285 1787 educi,
1329 1726 1395 1771 ut
1436 1710 1704 1772 debitam
1747 1709 2093 1773 servitutem
2141 1710 2494 1772 Dominicae
2537 1710 2916 1791 impenderet
2958 1712 3149 1773 cruci.

1089 1798 1223 1886 Qui
1273 1820 1415 1860 cum
1466 1801 1538 1860 ad
1584 1799 1714 1861 haec
1759 1799 1942 1861 verba
1984 1802 2058 1862 de
2102 1799 2237 1861 lacu
2287 1797 2483 1861 fuiffet
2526 1798 2800 1876 eductus,
2850 1801 3149 1862 continuo

1089 1887 1442 1952 Christianis
1497 1888 1785 1969 gaudium
1838 1889 1898 1952 &
1941 1885 2163 1950 Iudaeis
2206 1903 2374 1951 ortus
2423 1886 2508 1948 est
2561 1886 2792 1963 luecus3
2859 1888 3149 1969 quoniam

1088 1997 1302 2038 omnes
1331 1972 1519 2036 Iudaei
1551 1975 1655 2057 qui
1685 1990 2107 2037 convenerant
2145 1975 2224 2037 ibi
2260 1974 2610 2037 invidebant
2651 1974 2830 2036 nobis
2874 1974 2933 2036 &
2973 1976 3151 2037 time-

1090 2066 1234 2126 bant
1262 2063 1383 2125 s1bi.
1416 2064 1529 2125 Sed
1562 2063 1663 2125 ille
1694 2065 1798 2146 qui
1829 2064 1913 2125 est
1933 2063 2083 2126 salus
2112 2062 2313 2125 nostra
2343 2063 2403 2124 in
2436 2079 2710 2144 tempore
2740 2062 3147 2125 tribulationis

1090 2152 1324 2226 (Psalm.
1370 2149 1707 2230 XXXVI),
1758 2153 2031 2214 misertus
2073 2153 2179 2231 eis,
2208 2153 2267 2215 &
2308 2151 2579 2214 misertus
2632 2149 2717 2211 est
2757 2151 2956 2230 nobiS,
3005 2152 3152 2213 dum

1028 2270 1031 2275 ·
1088 2240 1410 2303 conversus
1440 2242 1511 2302 ad
1545 2262 1657 2302 nos
1700 2240 1760 2303 δι
1788 2241 2051 2303 reversus
2081 2241 2154 2303 ad
2187 2262 2313 2319 eos,
2363 2262 2433 2302 ea
2475 2240 2571 2302 die
2611 2239 2807 2301 voluit
2849 2240 3152 2303 laetificare

1091 2330 1467 2394 Christianos
1496 2329 1555 2391 &
1584 2327 1933 2392 illuminare
1962 2327 2220 2393 Iudaeos.

1174 2443 1198 2475 ‹
1231 2417 1349 2480 Pro
1392 2419 1505 2479 hac
1536 2418 1717 2499 igitur
1743 2417 1935 2495 causa,
1964 2439 2106 2479 cum
2138 2416 2304 2495 illuc,
2334 2417 2435 2478 ubi
2466 2416 2638 2478 locus
2676 2431 2805 2478 erat
2835 2414 3154 2494 Calvariae,

1095 2507 1366 2590 undique
1395 2503 1790 2568 concurrisset
1842 2507 2016 2569 turba
2068 2505 2274 2589 plebis
2311 2506 2558 2583 bifariae,
2607 2505 2966 2567 contrahere
3018 2525 3151 2587 pars

1091 2597 1282 2677 coepit
1312 2596 1383 2656 ad
1412 2610 1665 2676 partem,
1694 2617 1772 2656 ne
1806 2616 1912 2676 per
1935 2591 2288 2656 Iudaeorum
2318 2595 2694 2675 impietatem
2725 2614 2817 2656 ars
2844 2593 3155 2656 deluderet

1093 2700 1298 2746 artem.
1329 2680 1511 2745 Iudas
1541 2699 1745 2744 autem
1776 2684 1932 2745 inter
1962 2699 2214 2746 caeteros
2243 2682 2400 2745 stans
2432 2683 2491 2744 in
2522 2681 2852 2763 conspeetu
2882 2681 3152 2743 filiorum

1093 2773 1434 2850 hominum,
1477 2793 1552 2832 ex
1581 2771 1798 2834 intimo
1844 2772 2044 2835 cordis
2074 2770 2603 2833 orationemihanc
2631 2770 2789 2832 fudit
2818 2769 2891 2831 ad
2924 2769 3153 2833 Domi-

1093 2883 1263 2938 num,
1299 2875 1596 2943 quatenus
1627 2859 1748 2941 ipse
1778 2857 1885 2921 fibi
1917 2861 2242 2924 monstrare
2274 2861 2626 2942 dignaretur
2655 2859 2757 2920 ubi
2787 2856 2930 2921 effet
2958 2859 3154 2922 crucis

1098 2949 1450 3013 Dominicae
1499 2946 1664 3027 foffa,
1714 2949 1817 3030 qui
1869 2947 2073 3030 Moysi
2114 2948 2427 3031 quondam
2477 2949 2662 3030 patris
2706 2947 2892 3009 'nostri
2937 2946 3155 3029 loseph

1096 3037 1406 3099 ostendere
1451 3036 1731 3119 dignatus
1775 3034 1860 3098 est
1902 3033 2041 3104 offa.
2087 3037 2199 3098 Sed
2243 3035 2535 3117 quoniam
2566 3033 2830 3096 eiusdem
2868 3035 2989 3097 loci
3019 3056 3154 3097 cer-

1099 3141 1227 3188 tum
1251 3147 1376 3186 non
1402 3140 1640 3206 poterat
1664 3125 1932 3186 invenire
1961 3124 2298 3206 vestigium,
2327 3121 2434 3185 nist
2466 3123 2669 3185 divina
2693 3123 2883 3204 pietas
2912 3123 3156 3186 coeleste

1098 3214 1344 3297 aliquod
1377 3212 1563 3275 vellet
1592 3212 2005 3275 demonstrare
2037 3214 2406 3296 prodigium,
2435 3212 2574 3274 ideo
2606 3213 2678 3272 ad
2711 3212 3155 3274 informandam
3183 3271 3187 3275 Α

1098 3326 1224 3366 non
1254 3304 1635 3366 credentium
1664 3301 1830 3384 spem
1853 3303 1913 3366 &
1933 3304 2316 3365 credentium
2346 3301 2533 3364 fidem
2563 3300 2757 3364 subito
2783 3300 2954 3364 locus
2983 3323 3156 3363 com-

1100 3407 1303 3453 motus
1333 3389 1417 3451 est
1462 3391 1644 3452 idem.
1695 3385 1944 3471 Insuper
1987 3392 2191 3468 etiam,
2232 3393 2304 3452 ad
2337 3388 2769 3452 declarandum
2801 3388 3154 3453 Dominicae

1099 3480 1295 3543 crucis
1325 3478 1579 3562 lignum,
1620 3478 1780 3540 aliud
1814 3479 2110 3541 continuo
2149 3479 2421 3543 secutum
2461 3477 2545 3540 est
2570 3476 2824 3560 signum,
2870 3480 3037 3557 dum,
3081 3479 3153 3540 ad

1101 3567 1513 3631 edomandum
1537 3588 1643 3628 cor
1664 3565 2013 3629 Iudaeorum
2037 3568 2428 3646 indomitum,
2451 3567 2645 3628 statim
2672 3567 2747 3627 de
2770 3568 2990 3629 eodem
3014 3566 3154 3630 loco

1101 3659 1302 3721 fumus
1333 3655 1600 3718 ascendit
1630 3672 1991 3718 aromatum.
2021 3653 2202 3719 Iudas
2232 3672 2455 3734 autem,
2477 3656 2580 3739 qui
2614 3654 2779 3735 prius
2809 3655 2965 3716 inter
2992 3654 3156 3737 spem

1103 3745 1406 3828 pendebat
1434 3744 1493 3806 &
1532 3760 1787 3823 metum,
1833 3768 1944 3826 pro
1974 3765 2240 3808 moerore
2270 3745 2459 3826 coepit
2499 3744 2721 3805 habere
2763 3745 3055 3825 gaudium
3098 3744 3156 3806 δι

1014 3840 1017 3843 ”
1104 3856 1214 3915 pro
1242 3834 1465 3917 gaudio
1495 3832 1726 3911 fletum,
1774 3834 1992 3916 gratias
2044 3833 2329 3895 videlicet
2375 3853 2561 3915 agens
2587 3830 2732 3894 Deo
2763 3832 2824 3892 in
2875 3832 3156 3895 universis

1103 3944 1239 4002 quae
1281 3921 1539 4003 gloriose
1582 3923 1807 3985 fiebant
1850 3923 1924 3984 ab
1972 3943 2065 3983 eo.
2117 3921 2366 3984 Deinde
2404 3923 2476 3982 ad
2524 3936 2745 3981 terram
2774 3917 2829 3981 se
2860 3920 3156 3983 inclinans

1102 4009 1431 4090 humiliter,
1473 4008 1719 4074 fofforio
1749 4027 2012 4093 arrept0,
2061 4010 2267 4072 fodere
2296 4011 2487 4092 coepit
2516 4010 2808 4072 viriliter:
2841 4010 2935 4072 sed
2967 4010 3026 4072 &
3055 4008 3152 4091 alij

1106 4097 1237 4178 post
1279 4098 1430 4161 alios
1480 4101 1708 4176 tamdiu
1759 4121 1903 4161 cum
1943 4120 2018 4161 eo
2060 4100 2269 4161 fodere
2312 4115 2634 4180 coeperunt
2681 4098 2991 4181 usquequo
3044 4119 3155 4179 pro

1105 4207 1224 4248 una
1245 4208 1445 4265 cruce,
1467 4209 1651 4269 quam
1676 4188 2047 4270 quaerebant,
2067 4203 2187 4250 tres
2211 4188 2436 4269 pariter
2460 4188 2839 4249 invenerunt.
2872 4186 2938 4251 O
2972 4207 3156 4268 quam

1019 4278 1025 4285 '
1105 4276 1254 4337 mira
1283 4274 1342 4337 δι
1384 4275 1655 4340 inaudita
1695 4296 1809 4354 res,
1857 4277 2020 4358 quod
2051 4297 2199 4339 crux
2229 4296 2350 4338 una
2377 4276 2775 4358 quaerebatur,
2804 4275 2864 4338 &
2892 4276 3157 4337 inventae
