3620 5680
1417 486 1628 597 (νῶ
2491 515 2582 643 4ξ

528 724 713 791 etiam
747 723 1186 806 discipulorum
1208 724 1360 789 fides
1385 726 1620 788 turbata
1648 743 1989 805 nutaverat,
2018 726 2365 795 Dominum
2391 744 2593 801 tamen

526 811 881 891 maiestatis,
912 829 978 874 ut
1005 830 1152 890 erat,
1181 812 1478 878 confessus
1509 813 1594 876 est
1620 845 1637 889 ς
1667 815 1724 876 &
1756 831 1969 897 petens
1999 817 2060 878 in
2090 836 2278 898 regno
2311 816 2435 879 Dei
2467 839 2597 878 me·
2649 822 2658 833 ‘

527 903 781 967 moriam
829 903 912 963 sui
963 901 1116 980 fieri,
1161 902 1222 963 in
1249 902 1507 984 gloriam
1543 902 1989 977 resurrefflonis
2021 920 2160 969 ante
2189 904 2376 987 ipsam
2402 904 2595 967 resur-

526 989 864 1053 reffionem
909 990 1200 1053 credidit:
1261 1012 1446 1075 quam
1492 991 1767 1075 apostoli,
1817 991 2024 1073 postea
2064 1014 2249 1076 quam
2292 993 2450 1056 fafita
2479 993 2594 1071 est,

525 1099 649 1140 non
697 1094 935 1149 tantum
966 1080 1254 1158 vidend0,
1296 1082 1394 1149 sed
1436 1082 1813 1167 experiendo
1858 1082 2265 1147 crediderunt.
2309 1082 2449 1144 Nec
2487 1083 2594 1164 ipsi

531 1184 735 1231 tamen
766 1171 842 1231 de
874 1168 1313 1233 resurreetione
1343 1170 1538 1234 carnis
1570 1171 1773 1251 potius
1803 1191 1986 1253 quam
2032 1171 2107 1232 de
2138 1169 2594 1234 resurrectionis

528 1256 822 1338 qualitate
867 1257 1234 1335 dubitantes,
1278 1258 1421 1339 quia
1464 1256 1750 1319 videlicet
1792 1259 1898 1341 qui
1943 1258 2001 1318 in
2049 1259 2259 1321 orbem
2297 1274 2593 1321 terrarum

526 1345 810 1408 mittendi
864 1347 1065 1408 forent
1113 1346 1187 1407 ad
1234 1348 1516 1407 'omnium
1566 1347 1843 1428 gentium
1894 1346 2418 1426 informationem,
2467 1369 2591 1409 non

527 1434 774 1496 auribus
824 1450 1093 1513 tantum,
1146 1434 1241 1496 sed
1292 1435 1349 1496 &
1402 1433 1597 1498 oculis
1643 1434 2091 1515 praedicandam
2134 1435 2317 1496 fidem
2376 1457 2592 1518 capere

526 1519 849 1602 debebant,
872 1539 940 1585 ut
961 1524 1127 1605 quod
1146 1522 1385 1585 firmius
1410 1522 1770 1602 didicissent,
1801 1521 2174 1586 constantius
2198 1524 2541 1587 edocerent.
2563 1550 2588 1581 a>

667 1658 735 1722 [8.
782 1655 1026 1708 Paulinus
1069 1655 1315 1720 Nolanus,
1348 1655 1489 1725 Epist.
1531 1656 1731 1720 XXXI,
1763 1672 1810 1707 c.
1846 1675 1897 1721 4,
1944 1674 1968 1722 5
2023 1653 2268 1729 (M'gne,
2314 1657 2445 1709 Patr.
2481 1656 2594 1721 lat„

527 1737 668 1800 LXI,
692 1753 739 1788 c.
769 1738 927 1802 327).]

609 1898 633 1930 ‹
658 1871 902 1935 Interea
917 1889 1111 1936 mater
1127 1871 1511 1953 imperatoris
1533 1868 1793 1948 Helena,
1807 1872 1981 1933 cuius
1997 1872 2366 1953 cognomine
2384 1873 2593 1934 vicum

526 1963 802 2045 Drepani
849 1962 1131 2044 princeps
1186 1961 1497 2027 civitatem
1549 1960 1775 2029 dicavit
1823 1958 2229 2042 Helenopolim,
2277 1960 2593 2023 admonita

526 2072 635 2132 per
678 2049 982 2115 somnium
1026 2051 1100 2112 ad
1134 2048 1524 2136 lerosolymam
1555 2049 1928 2129 properavit,
1969 2047 2029 2110 &
2071 2049 2381 2131 quondam
2427 2047 2594 2111 Ieru-

508 2139 697 2226 salem
722 2137 1019 2203 desertam
1042 2135 1192 2200 sicut
1215 2157 1547 2218 pomorum
1570 2136 2006 2199 custodiarium
2028 2137 2365 2215 inveniens,
2388 2140 2593 2221 requi-

527 2224 660 2289 sivit
680 2226 1028 2309 sepulcrum
1047 2223 1529 2310 Christi..Quod,
1544 2225 1688 2286 licet
1712 2224 2092 2304 difficillime,
2115 2242 2319 2287 tamen
2336 2227 2587 2288 invenit.

523 2313 743 2398 Itaque
769 2332 1023 2398 repente
1067 2313 1367 2397 templum
1401 2312 1549 2375 illud
1580 2311 2047 2375 scelestiffimum
2078 2314 2257 2375 deiici
2289 2313 2462 2376 iuflit.
2506 2313 2591 2376 Et

531 2404 732 2486 palam
777 2404 940 2471 facto
970 2402 1235 2467 Domini
1279 2416 1706 2479 monument0,
1749 2417 2165 2483 apparuerunt
2191 2403 2355 2464 circa
2384 2402 2442 2464 id
2475 2401 2591 2463 suf-

525 2490 686 2554 foffae
729 2507 851 2555 tres
897 2512 1108 2554 cruces
1150 2490 1210 2553 δι
1239 2490 1417 2568 clavi,
1463 2489 1637 2552 simul
1666 2489 1726 2552 &
1756 2489 1967 2552 titulus
2014 2489 2231 2555 litteris
2273 2491 2593 2569 hebraiciS,

524 2582 735 2663 graecis
764 2579 1082 2662 latinisque
1110 2577 1516 2660 conscriptus:
1567 2604 1590 2635 α
1630 2576 1793 2643 Iesus
1826 2579 1892 2640 N
1896 2598 2188 2640 azarenus
2216 2599 2323 2640 rex
2353 2576 2594 2641 Iudaeo-

524 2691 678 2732 rum.
718 2695 743 2726 a>
779 2669 1032 2737 Dicitur
1060 2682 1266 2731 autem
1317 2669 1462 2749 quia
1490 2670 1673 2730 etiam
1721 2683 2003 2729 mortuus
2032 2668 2227 2730 crucis
2272 2667 2433 2731 tactu
2472 2667 2594 2729 sur-

415 2819 425 2830 ,
523 2760 764 2822 rexerit.
796 2757 901 2820 De
929 2758 1051 2820 hoc
1082 2756 1249 2839 ligno
1281 2754 1510 2839 Sibylla
1538 2756 1691 2819 dixit
1720 2757 1884 2838 apud
1915 2776 2215 2838 paganos:

672 2875 697 2905 e
737 2849 803 2914 O
836 2863 928 2911 ter
959 2848 1205 2914 beatum
1237 2846 1472 2929 lignum
1504 2847 1563 2907 in
1597 2868 1722 2928 quo
1755 2844 1932 2912 Deus
1961 2844 2237 2912 extensus
2259 2845 2379 2908 est!
2419 2871 2442 2902 »

607 2963 631 2995 ‹
655 2937 832 3000 Tum
849 2958 997 3020 ergo
1017 2959 1156 3020 quae
1175 2956 1327 2998 crux
1344 2934 1492 2998 esset
1510 2934 1793 3013 Domini,
1809 2958 1946 3018 quae
1968 2934 2296 3014 latronum,
2316 2935 2593 3002 dubitare

523 3042 864 3108 coeperunt.
902 3025 1165 3089 Proinde
1182 3023 1520 3101 Macarius,
1541 3024 1804 3086 civitatis
1823 3022 2053 3105 praesul,
2073 3021 2417 3088 huiusmodi
2436 3039 2595 3086 trac-

525 3131 651 3180 tatu
698 3115 1145 3178 dubitationem
1192 3112 1386 3175 solvit.
1427 3111 1684 3180 Mulieri
1726 3133 1993 3194 namque
2036 3110 2354 3174 nobilitate
2395 3111 2595 3191 clarae,

524 3204 706 3287 longa
720 3204 1082 3287 aegritudine
1104 3202 1387 3285 fatigatae,
1405 3222 1590 3264 unam
1606 3200 1846 3266 illarum
1862 3200 2135 3262 crucium
2152 3220 2296 3262 cum
2315 3201 2593 3266 oratione

524 3293 969 3375 promptissima
983 3291 1298 3369 adhibens,
1313 3290 1470 3351 virtu
1479 3305 1600 3351 tem
1618 3288 1947 3353 Salvatoris
1962 3288 2228 3371 agnovit.
2246 3287 2410 3350 Mox
2428 3291 2591 3352 enim

523 3397 591 3444 ut
607 3380 927 3443 mulierem
952 3402 1103 3443 crux
1126 3379 1344 3462 attigit,
1367 3377 1694 3461 passionem
1712 3376 2030 3439 saevissimae
2044 3376 2421 3459 aegritudinis
2442 3377 2594 3440 effu-

522 3471 707 3553 gavit,
735 3470 795 3538 &
822 3470 1094 3534 foeminae
1141 3466 1390 3531 salutem
1418 3465 1694 3538 restituit.
1732 3466 1831 3528 Sic
1859 3466 2066 3547 itaque
2110 3482 2303 3528 mater
2329 3465 2594 3547 impera-

523 3560 691 3637 toris,
730 3558 909 3640 quod
955 3556 1244 3640 cupiebat
1296 3554 1661 3640 agnoscens,
1710 3555 1786 3617 de
1837 3554 2024 3618 clavis
2074 3554 2321 3636 quidem
2372 3555 2594 3636 quibus

522 3669 738 3710 manus
764 3646 992 3711 Christi
1023 3647 1261 3710 fuerant
1291 3645 1634 3727 perforatae,
1663 3643 1819 3706 alios
1849 3644 1908 3705 in
1935 3640 2174 3725 galeam
2204 3638 2451 3705 immisit
2477 3644 2594 3705 im-

524 3736 837 3819 peratoris,
878 3734 985 3817 filij
1019 3734 1237 3816 capitis
1268 3732 1715 3815 providentiam
1757 3753 1996 3814 gerens,
2040 3747 2107 3793 ut
2148 3729 2345 3791 iacula
2374 3731 2595 3795 bellica

523 3822 928 3901 submoveret,
972 3822 1123 3886 alios
1164 3822 1338 3884 freno
1388 3821 1618 3903 equino
1651 3818 2018 3903 permiscuit,
2059 3819 2117 3881 δι
2147 3818 2448 3880 cautelam
2478 3821 2595 3884 im-

522 3912 815 3995 peratoris
866 3932 1073 3994 agens,
1122 3908 1182 3973 &
1235 3925 1504 3974 veterem
1555 3908 1943 3991 prophetiam
1993 3906 2352 3990 adimplens.
2414 3907 2593 3972 Olim

521 4000 690 4062 enim
713 3998 1045 4062 Zacharias
1075 3998 1441 4062 clamaverat
1478 3997 1800 4080 propheta,
1828 3997 2038 4060 dicens
2084 3997 2240 4074 (xrv,
2276 3995 2404 4075 20):
2456 4021 2481 4053 α
2510 3997 2594 4060 Et

527 4113 553 4145 α
578 4088 690 4150 erit
711 4087 877 4169 quod
903 4088 964 4149 in
993 4087 1166 4150 freno
1189 4085 1274 4149 est
1295 4085 1565 4149 sanetum
1590 4085 1876 4148 Domino
1905 4083 2338 4164 omnipotenti.
2360 4108 2383 4138 2
2418 4083 2591 4147 Salu-

527 4176 673 4239 taris
699 4194 845 4237 vero
875 4177 1073 4240 crucis
1102 4192 1340 4258 partem
1370 4175 1621 4258 quidem
1651 4173 1920 4257 aliquam
1948 4170 2250 4255 regalibus
2280 4171 2592 4237 distribuit.

609 4290 634 4322 ι
672 4264 887 4349 Quam
929 4263 1373 4328 Constantinus
1421 4261 1764 4345 suscipiens,
1804 4261 1865 4324 &
1894 4262 2152 4323 credens
2200 4257 2410 4322 salvari
2440 4263 2591 4325 civi-
