3620 5680
1491 484 1700 578 (470)
2498 513 2612 579 171

554 741 661 791 gr.,
687 724 893 787 CXVII,
925 740 970 774 c.
1006 722 1165 789 518);
1205 722 1403 774 Simeon
1438 724 1824 790 MetaphrasteS,
1853 725 2028 777 Oratio
2054 729 2115 776 de
2136 726 2175 790 [ἶ
2206 728 2405 792 IWaria,
2437 745 2508 779 cc.
2540 750 2627 797 45,

563 808 628 864 46
659 802 811 866 (cuius
839 802 979 869 vers.
1005 801 1091 852 lat.
1110 811 1189 869 ap.
1213 803 1412 870 Migne‚
1439 805 1572 854 Patr.
1591 821 1704 870 gr„
1725 806 1888 866 CXV,
1910 822 1983 857 cc.
2015 811 2076 870 56
2093 825 2132 869 t,
2162 811 2308 873 562);
2343 809 2626 873 CedrenuS,

564 882 680 948 Hist.
726 886 965 949 compend.
1014 882 1119 949 (ed.
1151 883 1337 947 Bonn.,
1373 886 1414 949 I,
1441 903 1491 953 p.
1524 887 1675 950 614);
1725 886 1937 953 GlycaS‚
1975 886 2208 952 Annales,
2269 906 2382 956 pars
2409 891 2483 939 IV
2522 890 2626 954 (ed.

562 963 743 1025 Bonn.,
769 980 814 1030 p.
838 963 993 1030 489);
1020 962 1147 1029 Joel,
1182 965 1451 1030 Chr-onogr.
1482 967 1721 1031 compend.
1739 965 1838 1028 (ed.
1869 967 2051 1029 Bonn.,
2083 984 2130 1034 p.
2160 970 2280 1032 43);
2310 968 2625 1036 Nicephorus

568 1042 814 1105 Callistus,
839 1040 956 1106 Hist.
983 1042 1160 1105 ecclesl,
1189 1041 1222 1092 l.
1256 1046 1365 1107 XV,
1394 1062 1439 1094 c.
1479 1064 1546 1108 24
1581 1044 1813 1111 (Migne‚
1849 1046 1983 1096 Patr.
2013 1062 2118 1111 gr„
2148 1047 2411 1111 CXLVII,
2439 1066 2486 1116 p.
2516 1052 2627 1114 69);

563 1121 900 1190 Ephraemius,
924 1124 1043 1189 Imp.
1073 1123 1276 1188 &pam
1303 1123 1541 1188 recensus,
1567 1143 1615 1175 v.
1641 1143 1738 1191 925
1771 1125 1817 1174 δι
1847 1125 1879 1174 s.
1910 1123 2015 1189 (ed.
2052 1127 2243 1190 Bonn.,
2269 1143 2313 1193 p.
2348 1129 2487 1194 46).]

636 1218 748 1285 (Cf.
774 1218 965 1269 Itinera
982 1236 1175 1285 graeca,
1201 1219 1271 1286 Ι.)

272 1351 336 1395 C.
383 1350 535 1422 470
563 1336 1075 1405 CAMELARIUS
1111 1337 1352 1425 quidam
1390 1363 1458 1403 ex
1493 1338 1735 1402 cArabia
1771 1341 2028 1404 veniens.
2073 1348 2227 1414 (230)

704 1455 827 1520 [Ioh.
856 1453 1123 1518 MoschuS,
1150 1455 1283 1505 Prat.
1297 1452 1589 1522 spirituale,
1608 1471 1652 1506 c.
1680 1473 1772 1517 107
1800 1458 2062 1520 (Ducaeus‚
2084 1456 2308 1510 Biblioth.
2336 1470 2443 1510 vet.
2458 1467 2620 1526 patr„

563 1538 630 1600 11,
657 1553 702 1604 p.
740 1535 938 1598 1102).]

634 1632 740 1700 (ef.
768 1632 958 1684 Itinera
975 1647 1167 1698 graeca,
1197 1632 1268 1697 Ι.)

270 1787 340 1830 c.
388 1785 537 1858 470
566 1757 1037 1845 Martianus
1083 1756 1478 1876 Capella.
1555 1785 1773 1852 (xxxvij)

649 1935 673 1966 <t
718 1908 930 1972 Verum
960 1908 1190 1969 Arabia
1218 1908 1465 1970 tenditur
1493 1909 1660 1988 usque
1690 1909 1773 1969 ad
1796 1909 2139 1987 odoriferam
2170 1933 2236 1970 ac
2264 1910 2492 1971 divitem
2522 1925 2630 1973 ter-

565 2021 714 2075 ram,
721 1995 839 2081 sed
861 1998 1021 2058 iuxta
1052 2000 1127 2077 ψ
1145 1996 1312 2074 Syria
1340 1997 1525 2058 multis
1538 1997 1799 2072 distinete
1830 1999 2153 2075 nominibus,
2170 2022 2300 2058 nam
2328 2001 2395 2060 ἔθ’
2417 1997 2629 2061 Palaes-

566 2087 690 2147 tina
719 2088 793 2168 est
820 2109 942 2167 quae
971 2087 1233 2165 contingit
1258 2086 1549 2148 Arabiam
1582 2088 1648 2146 ἔθ’
1678 2083 1884 2146 Iudaea
1915 2087 1982 2146 ἔθ’
2007 2085 2340 2162 Phoenicia,
2363 2103 2631 2165 quantum

562 2174 795 2234 interior
820 2173 1057 2235 habetur
1090 2173 1487 2251 Damascene,
1515 2175 1571 2235 in
1593 2175 1876 2237 meridiem
1907 2197 2141 2254 vergens
2171 2173 2535 2253 Babylonia3
2568 2198 2632 2235 ex

564 2263 751 2322 eadem
792 2260 1249 2341 Mesopotamia
1287 2263 1434 2322 inter
1467 2261 1827 2343 Euphraten
1861 2265 1928 2323 ἔθ’
1957 2262 2228 2345 Tigrim,
2275 2285 2387 2343 qua
2432 2260 2634 2345 transtt

563 2350 870 2426 Taurum,
891 2364 1118 2410 montem
1137 2349 1438 2429 Sophene,
1459 2352 1597 2411 citra
1622 2374 1759 2412 vero
1781 2375 1903 2411 eam
1924 2351 2368 2432 Commagene,
2387 2352 2453 2410 ἔθ’
2472 2351 2629 2410 ultra

566 2439 861 2500 Armenia
905 2439 971 2497 ἔθ’
1003 2435 1239 2521 Assyria
1271 2452 1396 2498 ante
1432 2441 1598 2500 dieta.
1637 2440 1715 2501 Et
1746 2441 1842 2500 ubi
1864 2440 2085 2502 Cilicia
2116 2442 2182 2500 ἔθ’
2215 2439 2446 2501 Arabia
2486 2462 2629 2520 qua-

564 2528 863 2607 dringenta
892 2526 1049 2586 milia
1071 2526 1365 2608 paſjuum,
1404 2526 1636 2587 latitudo
1675 2543 1856 2589 autem
1895 2554 1929 2589 a
1961 2527 2235 2589 Seleucia
2266 2529 2348 2589 ad
2373 2529 2631 2609 oppidum

565 2614 895 2693 Euphratis
920 2615 1200 2696 Zeugma
1220 2628 1430 2675 centum
1446 2613 1816 2698 septuaginta
1841 2618 2077 2698 quinque
2098 2618 2277 2678 milia.
2306 2616 2629 2680 Ostracine

567 2705 796 2765 Arabia
809 2703 1058 2787 finitur:
1089 2729 1124 2763 a
1149 2701 1380 2764 Pelusio
1391 2704 1697 2790 sexaginta
1717 2707 1827 2794 sex
1848 2707 2069 2767 milibus
2087 2705 2357 2787 paffuum
2383 2704 2627 2786 Appol-

564 2792 730 2855 lonia
748 2792 1074 2855 Palaestinae
1082 2807 1188 2874 per
1204 2807 1413 2854 centum
1437 2795 1699 2874 oetoginta
1723 2806 1825 2855 otto
1846 2795 2006 2856 milia
2021 2810 2103 2877 pa
2093 2794 2179 2877 ff
2166 2818 2295 2855 uum
2316 2794 2630 2878 procedens,

560 2883 745 2967 supra
787 2879 1120 2942 Idumaeam
1165 2883 1232 2942 ἔθ’
1271 2881 1598 2943 Samariam
1642 2881 1847 2944 Iudaea
1889 2885 2043 2965 longe
2083 2885 2298 2965 lateque
2323 2885 2625 2966 funditur.

568 2972 723 3032 Pars
751 2973 860 3031 eius
883 2970 1064 3051 Syriae
1091 2971 1335 3030 iniuneta
1360 2969 1623 3034 Galilaea
1653 2987 1913 3050 vocatur,
1945 2998 1979 3033 a
2009 2975 2199 3034 ceteris
2227 2974 2338 3034 eius
2365 2973 2627 3054 partibus

565 3059 827 3122 Iordane
875 3083 1034 3120 amne
1076 3059 1351 3146 discreta,
1402 3061 1497 3141 qui
1523 3062 1756 3143 fluvius
1807 3063 1989 3122 oritur
2034 3062 2098 3121 de
2129 3064 2294 3144 fonte
2346 3060 2629 3122 Paniade.

567 3150 814 3211 Secunda
858 3149 1020 3209 elatio
1064 3144 1286 3209 Iudaeae
1328 3151 1399 3209 ab
1440 3148 1903 3231 Hierosolymis,
1938 3150 1995 3210 in
2037 3173 2139 3230 quo
2177 3151 2354 3211 latere
2399 3152 2474 3232 est
2504 3151 2635 3231 fons

569 3239 925 3303 Callirrhoe.
950 3239 1011 3299 A
1016 3239 1049 3297 b'
1075 3239 1334 3299 occidente
1363 3239 1417 3300 E
1402 3238 1574 3320 ffeni,
1606 3239 1834 3323 quistne
1863 3240 2141 3300 concubitu
2167 3241 2234 3299 ἔθ’
2257 3241 2455 3299 cunetis
2476 3237 2633 3317 cupi-

540 3330 826 3391 ‘ditatibus
847 3328 1071 3389 vivunt.
1099 3327 1258 3388 Hinc
1283 3327 1568 3407 aliquanto
1590 3329 1823 3389 interius
1846 3327 2099 3389 Masada
2121 3329 2420 3410 castellum,
2444 3327 2500 3387 in
2527 3348 2628 3407 quo

567 3416 786 3479 Iudaeae
815 3416 956 3500 finis
994 3418 1083 3500 est.
1128 3416 1394 3497 Iungitur
1428 3415 1763 3497 Decapolis
1795 3419 1945 3478 dieta
1984 3442 2019 3478 a
2057 3440 2284 3477 numero
2312 3417 2624 3477 civitatum.

566 3507 946 3570 Redeuntibus
977 3507 1057 3565 ad
1080 3527 1237 3566 oram
1270 3504 1603 3567 Phoeniciae
1633 3506 1839 3566 colonia
1872 3504 2217 3567 Ptolemais.
2250 3504 2310 3566 A
2339 3519 2487 3583 tergo
2519 3502 2631 3563 Li—

569 3597 757 3657 banus
803 3596 869 3654 ἔθ’
916 3592 1306 3654 Antilibanus
1350 3608 1567 3671 montes,
1608 3594 2058 3655 interiacentibus
2099 3593 2308 3674 campis
2352 3589 2632 3672 Bargilus

569 3686 691 3745 item
719 3706 868 3745 mons
877 3683 1053 3770 sedet.
1085 3683 1224 3742 Item
1254 3681 1419 3764 Syria
1450 3683 1714 3767 dzfinente
1741 3683 1889 3743 inter
1919 3683 2119 3765 oppida
2147 3680 2477 3743 Phoeniciae
2501 3679 2635 3739 An-

570 3774 816 3850 tiochia,
859 3795 980 3852 quae
1026 3771 1273 3834 Oronte
1319 3794 1478 3832 amne
1514 3772 1817 3833 dividitur.
1864 3771 2041 3852 Super
2079 3795 2197 3831 eam
2245 3790 2392 3829 mons
2428 3768 2637 3827 nomine

572 3859 810 3939 Casius,
854 3860 1006 3921 cuius
1045 3860 1275 3921 altitudo
1317 3873 1528 3940 quarta
1567 3860 1771 3940 vigilia
1796 3860 1978 3948 solem
2014 3873 2125 3941 per
2168 3859 2422 3919 tenebras
2463 3856 2633 3916 videt.

573 3952 640 4012 In
658 3951 827 4032 Syria
827 3948 1057 4033 fluvius
1074 3946 1418 4028 Euphrates
1442 3949 1697 4036 nascitur
1714 3973 1751 4010 a
1767 3963 1941 4008 monte
1960 3949 2053 4027 qui
2075 3963 2315 4009 vocatur
2333 3946 2603 4025 Capotes
2620 3966 2634 4022 ;

570 4039 648 4099 ibi
675 4062 875 4119 quoque
901 4037 1176 4120 Marsyas
1208 4038 1351 4099 alius
1379 4038 1576 4099 amnis.
1609 4038 1769 4099 Inter
1793 4036 2026 4118 Syriam
2053 4037 2119 4095 ἔθ’
2144 4033 2451 4095 Parthiam
2484 4033 2636 4114 oppi-

575 4129 702 4189 dum
749 4126 1026 4209 Palmyra
1067 4121 1678 4208 moxque'Euphrates
1700 4127 1949 4210 fluvius,
1998 4125 2148 4185 cuius
2196 4124 2373 4184 decem
2418 4122 2642 4182 dierum

577 4218 931 4300 navigatione
978 4219 1035 4278 in
1078 4218 1260 4306 ipsam
1302 4217 1642 4279 Seleuciam
1690 4214 2037 4277 Parthorum
2090 4215 2283 4274 urbem
2327 4213 2636 4274 maximam
