3620 5680
1033 555 1132 632 44
1754 620 1764 639 .
1964 534 2174 633 (325)

1034 769 1283 831 invenit.
1329 768 1433 832 De
1471 790 1596 831 uno
1637 766 1814 831 clavo
1844 769 2048 832 frenos
2090 767 2224 831 fieri
2254 769 2561 851 praecepit,
2609 769 2685 830 de
2732 766 2925 830 altero
2970 766 3101 829 dia-

1034 859 1213 920 dema
1255 857 1546 921 intexuit:
1593 879 1784 920 unum
1816 859 1888 919 atl
1919 857 2229 936 decorem,
2273 857 2535 919 alterum
2582 857 2654 918 ad
2703 856 3100 919 devotionem

1033 940 1493 1008 vertit.Vis1tata
1515 946 1598 1008 est
1623 946 1830 1010 Maria
1852 961 1921 1008 ut
1942 942 2140 1007 Evam
2162 946 2447 1009 liberaret
2460 974 2478 1022 3
2504 944 2737 1008 visitata
2754 944 2837 1007 est
2859 943 3103 1006 Helena

1034 1050 1102 1097 ut
1130 1035 1526 1117 imperatores
1556 1036 2014 1103 redimerentur.
2063 1033 2234 1096 Mifit
2264 1037 2468 1118 itaque
2498 1032 2627 1097 filio
2658 1033 2762 1095 suo
2794 1032 3101 1097 Constan-

1035 1122 1164 1183 tino
1184 1123 1465 1184 diadema
1484 1125 1744 1204 gemmis
1766 1122 2135 1204 insignitum,
2159 1140 2308 1204 quas
2331 1120 2642 1203 pretiosior
2663 1122 2820 1183 ferro
2847 1122 3099 1182 innexas

1033 1211 1229 1274 crucis
1278 1211 1719 1292 redemptionis
1770 1211 1993 1272 divinae
2041 1222 2286 1293 gemma
2335 1209 2765 1288 connecteret,
2835 1207 2994 1272 mifit
3043 1208 3103 1271 &

1035 1299 1292 1361 frenum.
1338 1298 1624 1382 Utroque
1667 1300 1800 1361 usus
1840 1299 1923 1361 est
1953 1297 2414 1378 Constantinus,
2458 1297 2518 1360 &
2558 1298 2743 1360 fidem
2787 1296 3102 1361 transmisit

1035 1389 1107 1449 ad
1158 1386 1425 1469 posteros
1465 1409 1652 1471 regeS.
1704 1386 1907 1450 Princi
1957 1389 2085 1449 ium
2141 1390 2347 1469 itaque
2397 1388 2778 1465 credentium
2841 1387 3103 1468 impera-

1036 1490 1240 1537 torum
1271 1476 1539 1540 sanctum
1582 1472 1666 1539 est
1717 1479 1883 1562 quod
1939 1498 2089 1559 uper
2128 1477 2365 1537 frenum
2406 1476 2647 1554 (Zach.,
2689 1494 2821 1554 mv,
2852 1476 2986 1556 20);
3029 1498 3104 1538 ex

1037 1563 1142 1626 illo
1170 1563 1340 1644 fides,
1371 1580 1436 1629 ut
1465 1566 1802 1649 persecutio
1833 1564 2099 1644 cessaret,
2127 1565 2377 1626 devotio
2408 1563 2768 1627 succederet.
2807 1590 2831 1621 »

1177 1706 1248 1776 [8.
1275 1707 1600 1855 Ambrpfius,
1643 1711 1721 1760 De
1752 1707 1881 1760 obitu
1916 1706 2164 1775 Theodofij
2195 1707 2352 1762 oratio
2395 1710 2618 1778 (Migne,
2658 1711 2795 1762 Patr.
2823 1708 2933 1773 lat„
2959 1709 3104 1772 XVI,

1034 1802 1107 1837 cc.
1143 1803 1438 1853 1399-1402
1472 1789 1504 1852 .]

1120 1971 1145 2002 e
1198 1942 1358 2007 Item
1407 1938 1626 2028 scripta
1676 1948 1752 2007 de
1801 1947 2159 2010 inventione
2209 1948 2427 2012 Crucis
2477 1949 2826 2027 dominicae,
2875 1948 2935 2011 δι
2987 1949 3105 2011 alia

1036 2033 1258 2116 scripta
1286 2034 1361 2096 de
1393 2035 1744 2096 inventione
1773 2036 1989 2117 capitis
2019 2033 2266 2098 Ioannis
2298 2034 2601 2118 Baptistae,
2646 2037 2905 2099 novellae
2936 2060 3105 2119 quae-

1036 2124 1177 2184 dam
1216 2122 1540 2185 relationes
1584 2121 1716 2184 sunt
1745 2120 1804 2186 δε
1846 2122 2125 2185 nonnulli
2176 2146 2276 2188 eas
2326 2125 2615 2188 catholici
2657 2127 2886 2208 legunt.
2938 2127 3104 2190 Cum

1033 2210 1166 2272 haec
1211 2212 1283 2271 ad
1324 2211 1772 2272 catholicorum
1817 2233 2048 2299 manus
2061 2214 2489 2295 pervenerunt,
2534 2214 2694 2276 beati
2739 2204 2907 2276 Pauli
2955 2235 3107 2296 prae-

1034 2300 1214 2360 cedat
1238 2299 1560 2381 sententia:
1596 2325 1619 2356 α
1659 2300 1898 2365 Omnia
1920 2301 2192 2382 probate,
2238 2302 2404 2384 quod
2444 2303 2677 2364 bonum
2719 2302 2805 2364 est
2852 2318 3053 2366 tenete
3077 2329 3102 2360 a>

1037 2397 1081 2461 (1
1111 2388 1184 2449 ad
1214 2385 1447 2466 Theffi,
1479 2406 1538 2466 v,
1566 2389 1688 2469 21).

1177 2512 1462 2582 [Concilium
1490 2517 1757 2567 Romanum
1771 2514 2006 2583 primum,
2040 2530 2146 2582 494
2173 2515 2404 2584 (Labbe,
2426 2515 2660 2584 Concilia,
2687 2520 2778 2579 w,
2812 2535 2861 2572 c.
2908 2524 3000 2570 128
3012 2521 3105 2585 3).]

1121 2702 1146 2732 α
1185 2675 1386 2738 Huius
1418 2676 1850 2759 [Constantini]
1883 2648 2183 2759 tempo-re,
2227 2662 2574 2742 venerabile
2619 2670 2842 2744 crucis
2872 2683 3104 2744 Domi-

1036 2763 1191 2825 nicae
1232 2763 1466 2848 lignum
1509 2786 1617 2848 per
1658 2764 1923 2827 studium
1952 2765 2208 2828 Helenae
2256 2768 2466 2830 matris
2508 2769 2639 2830 eius
2666 2785 2974 2852 repertum
3002 2772 3105 2851 est,

1039 2854 1338 2954 prodente
1379 2849 1532 2916 Iuda
1573 2854 1865 2933 Hebrae0,
1913 2855 2019 2937 qui
2063 2855 2198 2937 post
2236 2855 2599 2937 baptismum
2644 2856 2977 2943 Quiriacus
3021 2859 3107 2922 est

1035 2957 1357 3004 vocitatus.
1399 2966 1423 2998 »

1181 3076 1419 3145 [Gregor.
1464 3075 1791 3141 Turonensis,
1830 3073 1949 3143 Hist.
1984 3077 2183 3141 Franc„
2217 3077 2248 3130 l.
2292 3077 2337 3143 Ι,
2377 3095 2423 3131 c.
2454 3097 2518 3145 34
2559 3078 2795 3160 (Migne,
2824 3082 2960 3133 Patr.
2998 3080 3104 3147 lat„

1038 3157 1184 3220 XXI,
1209 3173 1253 3207 c.
1287 3156 1457 3225 179)·]

1108 3261 1212 3326 (Cf.
1233 3264 1356 3315 AHa
1373 3257 1704 3331 apocryphas.
1724 3259 1860 3315 Iudae
1880 3257 2131 3329 Qu‘iriaci,
2150 3264 2180 3315 1.
2197 3251 2361 3330 HAA.
2383 3261 2462 3316 SS.
2484 3264 2620 3331 Ball„
2640 3265 2790 3332 Mai„
2807 3270 2852 3331 1,
2870 3285 2952 3337 pp.
2976 3287 3105 3337 445-

1038 3344 1184 3408 447],
1205 3343 1252 3393 δι
1284 3345 1537 3395 Comment.
1563 3343 1626 3393 de
1648 3342 1843 3394 invent.
1863 3341 1915 3408 s.
1933 3341 2105 3395 Cru'cis
2132 3342 2305 3412 [Ibid.‚
2329 3356 2377 3413 p.
2415 3350 2508 3405 362
2541 3346 2589 3397 &
2620 3345 2718 3413 s.].)

1123 3532 1148 3564 α
1176 3499 1274 3570 De
1295 3530 1455 3569 cruce
1471 3507 1902 3569 &mirabilibus
1928 3508 2039 3569 eius
2062 3510 2223 3591 apud
2241 3508 2557 3571 Pidavum.
2582 3546 2647 3555 -
2669 3505 2841 3573 Crux
2867 3510 3099 3573 Domi-

1038 3595 1197 3674 nic'a,
1234 3613 1371 3678 quae
1411 3596 1485 3658 ab
1528 3587 1769 3657 Helena
1808 3605 2045 3678 reperta
2091 3597 2175 3659 est
2215 3593 2632 3687 Hierosolymis,
2674 3598 2757 3660 ita
2801 3609 3013 3681 quarta
3040 3600 3099 3664 δι

1040 3682 1200 3746 sexta
1226 3684 1376 3745 feria
1404 3684 1690 3747 adoratur
1717 3730 1965 3746 ......

1117 3772 1216 3834 De
1234 3774 1542 3835 inventione
1563 3774 1877 3835 clavorum.
1901 3811 1977 3819 --
2001 3773 2264 3856 Speciofi
2288 3787 2490 3836 autem
2522 3775 2815 3858 omnique
2847 3771 3098 3840 metallo

1038 3859 1370 3924 nobiliores
1411 3860 1764 3923 Dominicae
1799 3864 1996 3925 crucis
2030 3862 2205 3942 clavi,
2237 3863 2340 3944 qui
2373 3857 2547 3924 beata
2580 3865 2855 3926 membra
2887 3881 3100 3928 tenue-

1042 3964 1203 4027 runt,
1231 3949 1305 4011 ab
1337 3948 1577 4011 Helena
1607 3949 1832 4032 regina,
1863 3945 1996 4032 post
2018 3950 2197 4033 ipsius
2228 3950 2403 4014 sacrae
2432 3951 2628 4015 crucis
2657 3954 3099 4034 inventionem,

1040 4039 1265 4119 reperti
1294 4039 1453 4100 sunt:
1485 4038 1545 4101 &
1567 4039 1641 4099 de
1665 4039 1906 4101 duobus
1936 4041 2187 4122 quidem
2216 4040 2456 4101 frenum
2488 4041 2865 4124 imperatoris
2896 4044 3097 4105 muni-

1039 4125 1148 4206 vit,
1194 4147 1317 4209 quo
1359 4127 1613 4205 facilius,
1662 4124 1703 4187 fi
1746 4126 2007 4190 adversae
2045 4143 2255 4210 gentes
2299 4127 2638 4192 restitiffent
2667 4131 2946 4212 principi,
2982 4132 3096 4194 hac

1039 4217 1260 4279 virtute
1304 4217 1667 4299 fugarentur.
1712 4216 1816 4279 De
1860 4218 2079 4300 quibus
2124 4239 2250 4278 non
2292 4217 2377 4279 est
2417 4219 2696 4300 ignotum
2726 4218 3095 4280 Zachariam

1040 4303 1384 4369 vaticinasse
1424 4303 1826 4390 prophetam:
1862 4329 1885 4363 α
1922 4299 2078 4386 Erit,
2106 4306 2325 4388 inquit,
2354 4287 2520 4391 quod
2553 4307 2614 4368 in
2645 4321 2714 4369 os
2741 4307 2886 4389 equi
2917 4309 3096 4389 poni-
