3620 5680
1497 536 1708 636 (562)
2519 555 2650 639 233

577 777 1022 839 venerabilium
1055 778 1398 860 pignorum,
1428 778 1487 839 &
1518 777 1848 839 secundum
1882 780 2047 859 quod
2081 777 2448 841 desiderium
2471 782 2657 842 habe-

579 868 681 929 bat
719 868 782 927 in
813 868 1215 927 veneracione
1261 867 1418 928 beati
1459 865 1750 928 lobannis
1783 867 2071 948 Baptistae
2110 869 2171 929 in
2203 869 2525 931 Morienna
2556 892 2657 931 ec·-

579 953 821 1016 clefiam
851 953 1133 1016 edificare
1165 955 1469 1037 disposuit.

723 1056 1024 1125 [qr-afflatio
1039 1056 1226 1124 reliqs.
1240 1058 1588 1125 Ioh.Bapt1stae,
1601 1078 1659 1109 ex
1677 1060 1900 1127 quodam
1920 1058 2095 1109 codice
2115 1077 2422 1127 pergameno
2439 1060 2658 1112 ecclesiae

580 1138 616 1188 s.
652 1120 886 1187 lobannis
916 1137 1298 1201 MaurianenfiS,
1324 1138 1430 1190 saec.
1463 1141 1512 1188 X
1545 1140 1799 1204 confe&o3
1835 1140 1884 1189 in
1914 1139 2045 1189 notis
2073 1140 2136 1189 ad
2170 1140 2563 1207 Greg.Turon.,
2587 1144 2660 1191 De

572 1216 740 1285 gloria
768 1230 1057 1288 marfyrum,
1083 1238 1128 1271 c.
1161 1238 1240 1285 14,
1261 1214 1464 1283 inserta,
1492 1219 1572 1270 ed.
1608 1218 1840 1283 Bordier,
1870 1222 1909 1282 Ι,
1940 1237 1987 1286 p.
2009 1239 2094 1283 44,
2123 1238 2171 1269 n.
2204 1223 2277 1284 2.]

664 1348 688 1378 <z
727 1322 951 1384 Lectio
981 1321 1029 1383 I.
1074 1322 1219 1384 Fuit
1248 1325 1308 1383 in
1350 1323 1562 1385 diebus
1605 1321 2059 1404 praestantisfimi
2104 1325 2260 1405 regis
2301 1323 2656 1387 Gontranni

585 1410 804 1473 mulier
824 1414 1076 1473 nomine
1097 1412 1329 1493 Tygris
1355 1429 1490 1473 orta
1513 1413 1572 1472 in
1601 1412 1903 1472 territorio
1923 1411 2364 1496 Maurianenst,
2388 1412 2528 1474 loco
2554 1415 2657 1495 qui

590 1500 651 1563 V
646 1501 888 1561 olovium
917 1502 1292 1578 nominatur,
1317 1499 1506 1561 nobili
1540 1501 1718 1582 stirpe
1749 1501 2087 1582 progenita,
2118 1499 2412 1583 sacrisque
2443 1501 2659 1565 litteris

582 1587 945 1650 sufficienter
978 1590 1280 1651 instructa.

667 1740 691 1771 «
729 1714 951 1776 Lectio
981 1711 1061 1775 Π.
1094 1714 1422 1776 Habebant
1451 1728 1654 1774 autem
1707 1712 1929 1774 sociam
1977 1710 2079 1774 fibi
2116 1714 2377 1775 sororem
2408 1716 2660 1776 nomine

583 1802 984 1885 Pigmeniam,
1017 1826 1152 1885 quae
1182 1801 1568 1885 coniugalem
1609 1800 1960 1863 societatem
1989 1805 2302 1883 quondam
2348 1805 2661 1882 habuerat,

583 1891 678 1953 sed
712 1892 1001 1953 defun<9oe
1035 1893 1262 1953 marito·
1287 1892 1674 1952 continenter
1716 1892 1948 1968 vivens,
1989 1890 2210 1953 sororis
2254 1894 2659 1954 contubernio

583 1981 641 2043 &
671 1981 967 2043 doctrinis
999 1982 1060 2042 in
1093 1981 1313 2043 divinis
1343 1979 1608 2042 cultibus
1639 1979 1697 2041 &
1730 2002 2070 2061 pauperum
2094 1980 2416 2063 obsequiis.

667 2122 691 2153 <x
722 2096 944 2157 Lecffio
969 2093 1080 2157 III.
1110 2096 1429 2158 Vacabant
1452 2098 1655 2177 itaque
1680 2096 1873 2156 ambae
1898 2096 2137 2158 ieiuniis
2156 2096 2213 2157 &
2232 2096 2455 2179 vigiliis
2474 2115 2656 2180 atque

584 2185 925 2246 sanctorum
958 2184 1235 2245 locorum
1265 2182 1725 2246 visitationibus.
1753 2184 1907 2245 Haec
1939 2184 1996 2245 &
2029 2183 2147 2247 illis
2180 2202 2384 2247 cetera
2418 2188 2660 2268 pietatis

583 2296 771 2356 opera
812 2274 1150 2356 agentibus,
1196 2275 1419 2334 accidit
1465 2289 1530 2333 ut
1573 2276 2021 2334 monachorum
2052 2274 2468 2356 religiosorum
2501 2276 2661 2337 frue-

582 2378 787 2423 rentur
815 2362 1080 2424 adventu
1113 2363 1214 2443 qui
1249 2385 1321 2423 ex
1355 2362 1812 2449 Ierqsolimitanis
1843 2363 2110 2442 partibus
2147 2362 2384 2423 Scotiam
2417 2384 2661 2446 pergere

583 2452 943 2513 fatebantur.

666 2594 689 2624 «
722 2567 945 2629 Lectio
970 2554 1084 2627 IV'.
1112 2569 1299 2648 Apud
1333 2590 1489 2648 quos
1521 2589 1662 2627 cum
1696 2569 1898 2628 triduo
1928 2569 2397 2629 demorarentur
2429 2569 2503 2630 de
2527 2571 2661 2631 reli-

586 2657 744 2738 quiis
790 2655 974 2717 sancffi
1028 2655 1319 2718 Iohannis
1368 2656 1672 2737 Baptistae,
1713 2654 1961 2716 volente
1996 2656 2297 2734 Domino,
2345 2680 2488 2717 cum
2542 2658 2661 2722 illis

583 2744 925 2804 habuerunt
953 2743 1337 2825 colloquium
1376 2744 1649 2805 dicentes
1680 2765 1822 2804 eum
1874 2743 2248 2804 decollatum
2291 2742 2459 2804 fuisse
2501 2746 2659 2825 apud

585 2832 896 2915 quoddam
927 2832 1177 2895 Arabiae
1200 2831 1511 2894 castellum
1548 2833 1712 2914 quod
1745 2831 2099 2894 Maceronta
2128 2833 2481 2894 nominatur
2518 2834 2660 2896 &in

585 2923 831 2984 civitate
865 2922 1150 2993 Samariae
1180 2945 1316 3004 quae
1346 2944 1509 2983 nunc
1540 2922 1756 3006 Sebaste
1777 2923 2000 2983 dicitur
2029 2923 2448 2998 reconditum3
2480 2939 2666 3003 caput

586 3025 788 3071 autem
843 3010 1227 3097 Ierosoh‘mam
1289 3008 1589 3091 perlatum
1648 3010 1707 3070 &
1765 3010 1846 3070 ibi
1906 3032 2048 3071 cum
2103 3009 2375 3072 maximo
2426 3013 2663 3073 honore

585 3099 926 3161 humatum.

669 3239 693 3270 «
733 3214 957 3276 Lectio
992 3214 1069 3274 V.
1102 3211 1244 3274 Post
1275 3211 1460 3293 longa
1502 3212 1931 3275 decollationis
1962 3214 2091 3274 eius
2125 3230 2404 3294 tempora
2432 3217 2505 3277 ab
2537 3216 2663 3297 ipso

587 3301 925 3363 revelatum
967 3302 1207 3364 duobus
1237 3301 1554 3362 monachis
1593 3300 1990 3363 orientalibus
2034 3303 2134 3384 qui
2170 3305 2462 3366 orationis
2492 3306 2666 3368 causa

585 3406 880 3452 venerant
923 3392 1054 3452 Iero
1083 3390 1308 3451 elimam
1352 3390 1411 3450 &
1455 3391 1596 3450 inde
1637 3391 1709 3451 ad
1755 3390 2008 3472 Ediffl’m
2060 3391 2312 3455 Phenicis
2352 3394 2662 3454 civitatem

588 3476 903 3558 perlatum.
939 3479 1002 3542 O
1057 3500 1266 3558 a-vero
1299 3480 1427 3540 eius
1459 3478 1657 3539 sancta
1688 3480 1851 3560 prius
1877 3479 1951 3540 de
1983 3480 2255 3542 Samaria
2288 3481 2665 3570 lerose-limam

586 3567 858 3628 transsata
874 3568 1090 3628 &inde
1114 3567 1185 3628 ad
1206 3567 1630 3629 Alexandriam
1650 3566 1995 3648 transmissa,
2012 3570 2112 3630 ubi
2131 3592 2295 3630 nunc
2313 3571 2373 3630 in
2396 3568 2666 3648 ecclefia,

586 3678 722 3737 quae
754 3658 816 3717 in
847 3657 1026 3738 ipsius
1057 3657 1309 3717 nomine
1341 3656 1425 3717 est
1454 3656 1824 3735 consecrata,
1856 3659 2174 3719 recondita
2203 3659 2521 3720 habentur.

670 3796 695 3826 «
730 3770 952 3831 Led'do
983 3769 1094 3832 VI.
1119 3769 1314 3854 Quod
1335 3770 1540 3832 divina
1564 3771 1952 3852 providentia
1975 3771 2259 3833 dicebant
2289 3772 2403 3832 effe
2436 3773 2663 3836 factum

588 3858 929 3920 utiscilicet
959 3882 1067 3940 per
1112 3859 1286 3941 plura
1329 3859 1468 3921 loca
1516 3862 1850 3942 deportatis
1881 3862 2037 3923 beati
2073 3863 2349 3943 martyris
2392 3863 2664 3945 reliquiis

590 3946 759 4028 plura
803 3948 1097 4009 virtutum
1143 3946 1306 4030 figna
1357 3950 1489 4030 post
1534 3951 1662 4011 eius
1708 3949 2207 4028 decollationem,
2260 3952 2501 4013 Christo
2547 3954 2665 4013 lar-

586 4035 809 4117 giente,
833 4035 931 4096 cui
959 4035 1374 4097 testimonium
1401 4036 1706 4116 perhibuit
1742 4037 2032 4118 cuiusque
2065 4058 2263 4118 praeco
2289 4038 2383 4098 vel
2404 4059 2664 4119 praecur-

589 4122 681 4184 sor
710 4124 930 4202 extitit,
960 4147 1069 4206 per
1100 4146 1200 4186 eas
1230 4124 1445 4185 fierent
1476 4125 1802 4185 manifesta.

672 4264 695 4294 «
736 4238 957 4299 Lectio
989 4235 1134 4300 VII.
1173 4236 1471 4299 Instrucla
1501 4238 1700 4299 taliter
1732 4238 1857 4300 Dei
1891 4241 2116 4302 famula
2146 4263 2179 4302 a
2212 4243 2470 4323 praefatis
2501 4243 2667 4318 viriS,

594 4327 958 4390 abeuntibus
989 4327 1129 4405 illis,
1151 4328 1344 4409 coepit
1374 4329 1486 4389 iter
1508 4327 1678 4389 suum
1705 4329 1828 4390 Dei
1861 4331 2088 4391 auxilio
2115 4352 2466 4412 praeparare,
2489 4333 2668 4394 unius

871 4419 913 4470 P
2283 4441 2347 4488 30
