<?xml version="1.0" encoding="UTF-8"?>
<!DOCTYPE html PUBLIC "-//W3C//DTD XHTML 1.0 Transitional//EN"
    "http://www.w3.org/TR/xhtml1/DTD/xhtml1-transitional.dtd">
<html xmlns="http://www.w3.org/1999/xhtml" xml:lang="en" lang="en">
 <head>
  <title>
</title>
<meta http-equiv="Content-Type" content="text/html;charset=utf-8" />
  <meta name='ocr-system' content='tesseract 3.04.00' />
  <meta name='ocr-capabilities' content='ocr_page ocr_carea ocr_par ocr_line ocrx_word'/>
</head>
<body>
  <div class='ocr_page' id='page_1' title='image "./itinerahierosol00hiergoog_0269.png"; bbox 0 0 3620 5680; ppageno 0'>
   <div class='ocr_carea' id='block_1_1' title="bbox 1493 555 2601 649">
    <p class='ocr_par' dir='ltr' id='par_1_1' title="bbox 1493 555 2601 649">
     <span class='ocr_line' id='line_1_1' title="bbox 1493 555 2601 649; baseline 0.004 -23"><span class='ocrx_word' id='word_1_1' title='bbox 1493 555 1568 643; x_wconf 93' lang='lat' dir='ltr'>(s.</span> <span class='ocrx_word' id='word_1_2' title='bbox 1604 557 1726 649; x_wconf 86' lang='lat' dir='ltr'>Vl)</span> <span class='ocrx_word' id='word_1_3' title='bbox 2481 557 2601 630; x_wconf 79' lang='lat'>261</span> 
     </span>
    </p>
   </div>
   <div class='ocr_carea' id='block_1_2' title="bbox 518 790 2615 2011">
    <p class='ocr_par' dir='ltr' id='par_1_2' title="bbox 518 790 2615 2011">
     <span class='ocr_line' id='line_1_2' title="bbox 548 790 2615 880; baseline 0 -25"><span class='ocrx_word' id='word_1_4' title='bbox 548 792 906 875; x_wconf 76' lang='lat' dir='ltr'><strong>hospicium.</strong></span> <span class='ocrx_word' id='word_1_5' title='bbox 941 790 1157 877; x_wconf 73' lang='lat' dir='ltr'>Quem</span> <span class='ocrx_word' id='word_1_6' title='bbox 1188 814 1329 855; x_wconf 93' lang='lat' dir='ltr'>cum</span> <span class='ocrx_word' id='word_1_7' title='bbox 1361 791 1612 855; x_wconf 75' lang='lat' dir='ltr'>audiss&#39;et</span> <span class='ocrx_word' id='word_1_8' title='bbox 1639 793 1713 854; x_wconf 89' lang='lat' dir='ltr'>ad</span> <span class='ocrx_word' id='word_1_9' title='bbox 1727 793 2002 880; x_wconf 59' lang='lat' dir='ltr'>santiam</span> <span class='ocrx_word' id='word_1_10' title='bbox 2031 796 2317 857; x_wconf 82' lang='lat' dir='ltr'>civitatem</span> <span class='ocrx_word' id='word_1_11' title='bbox 2347 795 2615 873; x_wconf 91' lang='lat' dir='ltr'>tendere,</span> 
     </span>
     <span class='ocr_line' id='line_1_3' title="bbox 548 879 2615 972; baseline 0.001 -29"><span class='ocrx_word' id='word_1_12' title='bbox 548 882 765 944; x_wconf 90' lang='lat' dir='ltr'>humili</span> <span class='ocrx_word' id='word_1_13' title='bbox 813 903 994 963; x_wconf 87' lang='lat' dir='ltr'><strong>prece</strong></span> <span class='ocrx_word' id='word_1_14' title='bbox 1037 882 1273 965; x_wconf 87' lang='lat' dir='ltr'>rogavit</span> <span class='ocrx_word' id='word_1_15' title='bbox 1321 898 1387 944; x_wconf 92' lang='lat' dir='ltr'>ut</span> <span class='ocrx_word' id='word_1_16' title='bbox 1416 879 1654 944; x_wconf 88' lang='lat' dir='ltr'>afferret</span> <span class='ocrx_word' id='word_1_17' title='bbox 1695 883 1750 944; x_wconf 86' lang='lat' dir='ltr'>ei</span> <span class='ocrx_word' id='word_1_18' title='bbox 1781 883 1856 944; x_wconf 92' lang='lat' dir='ltr'>de</span> <span class='ocrx_word' id='word_1_19' title='bbox 1868 884 2085 972; x_wconf 59' lang='lat' dir='ltr'>santia</span> <span class='ocrx_word' id='word_1_20' title='bbox 2130 887 2267 947; x_wconf 86' lang='lat' dir='ltr'>urbe</span> <span class='ocrx_word' id='word_1_21' title='bbox 2308 886 2615 967; x_wconf 88' lang='lat' dir='ltr'>quandam</span> 
     </span>
     <span class='ocr_line' id='line_1_4' title="bbox 546 970 2613 1055; baseline 0 -21"><span class='ocrx_word' id='word_1_22' title='bbox 546 992 832 1055; x_wconf 88' lang='lat' dir='ltr'>yconam,</span> <span class='ocrx_word' id='word_1_23' title='bbox 871 972 930 1031; x_wconf 93' lang='lat' dir='ltr'>id</span> <span class='ocrx_word' id='word_1_24' title='bbox 979 970 1063 1031; x_wconf 93' lang='lat' dir='ltr'>est</span> <span class='ocrx_word' id='word_1_25' title='bbox 1105 971 1412 1052; x_wconf 90' lang='lat' dir='ltr'>quandam</span> <span class='ocrx_word' id='word_1_26' title='bbox 1453 970 1719 1032; x_wconf 92' lang='lat' dir='ltr'>tabulam</span> <span class='ocrx_word' id='word_1_27' title='bbox 1752 972 1980 1054; x_wconf 63' lang='lat' dir='ltr'>pictam</span> <span class='ocrx_word' id='word_1_28' title='bbox 2025 994 2209 1055; x_wconf 90' lang='lat' dir='ltr'>quam</span> <span class='ocrx_word' id='word_1_29' title='bbox 2242 975 2303 1035; x_wconf 91' lang='lat' dir='ltr'>in</span> <span class='ocrx_word' id='word_1_30' title='bbox 2345 973 2613 1036; x_wconf 86' lang='lat' dir='ltr'>oratorio</span> 
     </span>
     <span class='ocr_line' id='line_1_5' title="bbox 548 1058 2611 1142; baseline 0 -20"><span class='ocrx_word' id='word_1_31' title='bbox 548 1061 652 1122; x_wconf 92' lang='lat' dir='ltr'>suo</span> <span class='ocrx_word' id='word_1_32' title='bbox 686 1075 959 1142; x_wconf 89' lang='lat' dir='ltr'>poneret,</span> <span class='ocrx_word' id='word_1_33' title='bbox 980 1080 1118 1141; x_wconf 86' lang='lat' dir='ltr'>quae</span> <span class='ocrx_word' id='word_1_34' title='bbox 1147 1060 1494 1141; x_wconf 85' lang='lat' dir='ltr'>ymaginem</span> <span class='ocrx_word' id='word_1_35' title='bbox 1516 1058 1641 1121; x_wconf 92' lang='lat' dir='ltr'>Dei</span> <span class='ocrx_word' id='word_1_36' title='bbox 1667 1060 2011 1125; x_wconf 82' lang='lat' dir='ltr'>Genitricis</span> <span class='ocrx_word' id='word_1_37' title='bbox 2043 1060 2264 1124; x_wconf 86' lang='lat' dir='ltr'>Mariae</span> <span class='ocrx_word' id='word_1_38' title='bbox 2292 1062 2395 1124; x_wconf 90' lang='lat' dir='ltr'>fibi</span> <span class='ocrx_word' id='word_1_39' title='bbox 2418 1062 2611 1123; x_wconf 89' lang='lat' dir='ltr'>oranti</span> 
     </span>
     <span class='ocr_line' id='line_1_6' title="bbox 518 1146 2614 1233; baseline -0 -22"><span class='ocrx_word' id='word_1_40' title='bbox 518 1146 1031 1230; x_wconf 49' lang='lat' dir='ltr'>⁸repraesentarem</span> <span class='ocrx_word' id='word_1_41' title='bbox 1062 1147 1121 1209; x_wconf 73' lang='grc' dir='ltr'>δι</span> <span class='ocrx_word' id='word_1_42' title='bbox 1166 1148 1436 1230; x_wconf 76' lang='lat' dir='ltr'>promisit</span> <span class='ocrx_word' id='word_1_43' title='bbox 1477 1147 1533 1209; x_wconf 91' lang='lat' dir='ltr'>se</span> <span class='ocrx_word' id='word_1_44' title='bbox 1581 1149 1920 1211; x_wconf 89' lang='lat' dir='ltr'>monachus</span> <span class='ocrx_word' id='word_1_45' title='bbox 1966 1149 2309 1211; x_wconf 90' lang='lat' dir='ltr'>delaturum</span> <span class='ocrx_word' id='word_1_46' title='bbox 2349 1171 2614 1233; x_wconf 87' lang='lat' dir='ltr'>yoonam</span> 
     </span>
     <span class='ocr_line' id='line_1_7' title="bbox 547 1233 2614 1326; baseline 0.001 -29"><span class='ocrx_word' id='word_1_47' title='bbox 547 1235 1010 1299; x_wconf 62' lang='lat' dir='ltr'>sanctimoniali.</span> <span class='ocrx_word' id='word_1_48' title='bbox 1068 1234 1205 1320; x_wconf 75' lang='lat' dir='ltr'>Qui</span> <span class='ocrx_word' id='word_1_49' title='bbox 1235 1257 1378 1297; x_wconf 92' lang='lat' dir='ltr'>cum</span> <span class='ocrx_word' id='word_1_50' title='bbox 1419 1233 1670 1299; x_wconf 83' lang='lat' dir='ltr'>veniffet</span> <span class='ocrx_word' id='word_1_51' title='bbox 1708 1237 2152 1326; x_wconf 72' lang='lat' dir='ltr'>Iherqsolimam,</span> <span class='ocrx_word' id='word_1_52' title='bbox 2188 1238 2445 1320; x_wconf 88' lang='lat' dir='ltr'>expletis</span> <span class='ocrx_word' id='word_1_53' title='bbox 2479 1259 2614 1300; x_wconf 90' lang='lat' dir='ltr'>ora-</span> 
     </span>
     <span class='ocr_line' id='line_1_8' title="bbox 547 1322 2613 1408; baseline 0.001 -20"><span class='ocrx_word' id='word_1_54' title='bbox 547 1325 816 1388; x_wconf 87' lang='lat' dir='ltr'>tionibus</span> <span class='ocrx_word' id='word_1_55' title='bbox 841 1324 900 1387; x_wconf 85' lang='lat'>&amp;</span> <span class='ocrx_word' id='word_1_56' title='bbox 932 1324 1103 1387; x_wconf 92' lang='lat' dir='ltr'>sacris</span> <span class='ocrx_word' id='word_1_57' title='bbox 1136 1324 1288 1386; x_wconf 92' lang='lat' dir='ltr'>locis</span> <span class='ocrx_word' id='word_1_58' title='bbox 1321 1322 1591 1405; x_wconf 80' lang='lat' dir='ltr'>visitatis,</span> <span class='ocrx_word' id='word_1_59' title='bbox 1620 1326 1702 1387; x_wconf 91' lang='lat' dir='ltr'>sui</span> <span class='ocrx_word' id='word_1_60' title='bbox 1737 1325 2003 1408; x_wconf 83' lang='lat' dir='ltr'>promissi</span> <span class='ocrx_word' id='word_1_61' title='bbox 2043 1327 2387 1405; x_wconf 89' lang='lat' dir='ltr'>immemor,</span> <span class='ocrx_word' id='word_1_62' title='bbox 2422 1327 2613 1391; x_wconf 91' lang='lat' dir='ltr'>redire</span> 
     </span>
     <span class='ocr_line' id='line_1_9' title="bbox 546 1412 2611 1497; baseline 0.001 -22"><span class='ocrx_word' id='word_1_63' title='bbox 546 1415 744 1477; x_wconf 90' lang='lat' dir='ltr'>voluit</span> <span class='ocrx_word' id='word_1_64' title='bbox 772 1413 969 1476; x_wconf 85' lang='lat' dir='ltr'>&amp;iter</span> <span class='ocrx_word' id='word_1_65' title='bbox 997 1415 1378 1495; x_wconf 80' lang='lat' dir='ltr'>aggredienS,</span> <span class='ocrx_word' id='word_1_66' title='bbox 1407 1412 1666 1497; x_wconf 83' lang='lat' dir='ltr'>egreffus</span> <span class='ocrx_word' id='word_1_67' title='bbox 1692 1414 1777 1476; x_wconf 91' lang='lat' dir='ltr'>est</span> <span class='ocrx_word' id='word_1_68' title='bbox 1805 1417 2037 1478; x_wconf 91' lang='lat' dir='ltr'>urbem.</span> <span class='ocrx_word' id='word_1_69' title='bbox 2069 1416 2152 1479; x_wconf 90' lang='lat' dir='ltr'>Et</span> <span class='ocrx_word' id='word_1_70' title='bbox 2174 1439 2319 1479; x_wconf 92' lang='lat' dir='ltr'><strong>ecce</strong></span> <span class='ocrx_word' id='word_1_71' title='bbox 2340 1439 2463 1479; x_wconf 89' lang='lat' dir='ltr'>vox</span> <span class='ocrx_word' id='word_1_72' title='bbox 2492 1438 2611 1478; x_wconf 86' lang='lat' dir='ltr'>cae-</span> 
     </span>
     <span class='ocr_line' id='line_1_10' title="bbox 544 1502 2611 1586; baseline 0 -21"><span class='ocrx_word' id='word_1_73' title='bbox 544 1504 686 1567; x_wconf 92' lang='lat' dir='ltr'>litus</span> <span class='ocrx_word' id='word_1_74' title='bbox 717 1502 920 1565; x_wconf 83' lang='lat' dir='ltr'>emiffa</span> <span class='ocrx_word' id='word_1_75' title='bbox 942 1503 1099 1564; x_wconf 89' lang='lat' dir='ltr'>dixit</span> <span class='ocrx_word' id='word_1_76' title='bbox 1120 1504 1191 1563; x_wconf 93' lang='lat' dir='ltr'>ad</span> <span class='ocrx_word' id='word_1_77' title='bbox 1226 1524 1406 1563; x_wconf 86' lang='lat' dir='ltr'>eum:</span> <span class='ocrx_word' id='word_1_78' title='bbox 1442 1529 1467 1559; x_wconf 63' lang='grc' dir='ltr'><strong><em>α</em></strong></span> <span class='ocrx_word' id='word_1_79' title='bbox 1494 1502 1843 1586; x_wconf 76' lang='lat' dir='ltr'>Quomodo</span> <span class='ocrx_word' id='word_1_80' title='bbox 1875 1503 1954 1567; x_wconf 92' lang='lat' dir='ltr'>fic</span> <span class='ocrx_word' id='word_1_81' title='bbox 1984 1507 2143 1569; x_wconf 92' lang='lat' dir='ltr'>redis</span> <span class='ocrx_word' id='word_1_82' title='bbox 2172 1527 2356 1568; x_wconf 90' lang='lat' dir='ltr'>manu</span> <span class='ocrx_word' id='word_1_83' title='bbox 2386 1504 2611 1567; x_wconf 88' lang='lat' dir='ltr'>vacua?</span> 
     </span>
     <span class='ocr_line' id='line_1_11' title="bbox 548 1590 2609 1676; baseline 0 -26"><span class='ocrx_word' id='word_1_84' title='bbox 548 1619 573 1650; x_wconf 90' lang='lat'>‹&lt;</span> <span class='ocrx_word' id='word_1_85' title='bbox 593 1592 721 1655; x_wconf 90' lang='lat' dir='ltr'>Ubi</span> <span class='ocrx_word' id='word_1_86' title='bbox 746 1593 830 1655; x_wconf 90' lang='lat' dir='ltr'>est</span> <span class='ocrx_word' id='word_1_87' title='bbox 850 1612 1252 1676; x_wconf 89' lang='lat' dir='ltr'>yconaquam</span> <span class='ocrx_word' id='word_1_88' title='bbox 1279 1607 1338 1653; x_wconf 92' lang='lat' dir='ltr'>te</span> <span class='ocrx_word' id='word_1_89' title='bbox 1364 1590 1707 1653; x_wconf 89' lang='lat' dir='ltr'>delaturum</span> <span class='ocrx_word' id='word_1_90' title='bbox 1733 1592 2173 1656; x_wconf 70' lang='lat' dir='ltr'>sanffimoniali</span> <span class='ocrx_word' id='word_1_91' title='bbox 2207 1591 2558 1676; x_wconf 75' lang='lat' dir='ltr'>promisisti?</span> <span class='ocrx_word' id='word_1_92' title='bbox 2583 1618 2609 1649; x_wconf 66' lang='grc' dir='ltr'>ι»</span> 
     </span>
     <span class='ocr_line' id='line_1_12' title="bbox 542 1677 2615 1767; baseline 0 -24"><span class='ocrx_word' id='word_1_93' title='bbox 542 1677 736 1744; x_wconf 85' lang='lat' dir='ltr'>Tun&#39;c</span> <span class='ocrx_word' id='word_1_94' title='bbox 767 1695 1108 1744; x_wconf 88' lang='lat' dir='ltr'>remoratus</span> <span class='ocrx_word' id='word_1_95' title='bbox 1137 1681 1449 1742; x_wconf 90' lang='lat' dir='ltr'>civitatem</span> <span class='ocrx_word' id='word_1_96' title='bbox 1477 1679 1785 1763; x_wconf 75' lang='lat' dir='ltr'>regress&#39;us‚</span> <span class='ocrx_word' id='word_1_97' title='bbox 1814 1684 2207 1767; x_wconf 87' lang='lat' dir='ltr'>interrogavit</span> <span class='ocrx_word' id='word_1_98' title='bbox 2235 1683 2336 1745; x_wconf 93' lang='lat' dir='ltr'>ubi</span> <span class='ocrx_word' id='word_1_99' title='bbox 2379 1705 2615 1745; x_wconf 90' lang='lat' dir='ltr'>venun-</span> 
     </span>
     <span class='ocr_line' id='line_1_13' title="bbox 544 1764 2608 1855; baseline -0 -23"><span class='ocrx_word' id='word_1_100' title='bbox 544 1770 828 1832; x_wconf 88' lang='lat' dir='ltr'><strong>darentur</strong></span> <span class='ocrx_word' id='word_1_101' title='bbox 867 1791 1099 1852; x_wconf 87' lang='lat' dir='ltr'>yconae.</span> <span class='ocrx_word' id='word_1_102' title='bbox 1154 1764 1321 1830; x_wconf 88' lang='lat' dir='ltr'><strong>Inter</strong></span> <span class='ocrx_word' id='word_1_103' title='bbox 1370 1784 1604 1832; x_wconf 90' lang='lat' dir='ltr'>ceteras</span> <span class='ocrx_word' id='word_1_104' title='bbox 1652 1792 1800 1834; x_wconf 88' lang='lat' dir='ltr'>vero</span> <span class='ocrx_word' id='word_1_105' title='bbox 1849 1793 2099 1853; x_wconf 90' lang='lat' dir='ltr'>yconas,</span> <span class='ocrx_word' id='word_1_106' title='bbox 2147 1772 2455 1855; x_wconf 93' lang='lat' dir='ltr'>quandam</span> <span class='ocrx_word' id='word_1_107' title='bbox 2506 1768 2608 1832; x_wconf 86' lang='lat' dir='ltr'>fibi</span> 
     </span>
     <span class='ocr_line' id='line_1_14' title="bbox 543 1855 2609 1943; baseline 0 -23"><span class='ocrx_word' id='word_1_108' title='bbox 543 1859 773 1943; x_wconf 87' lang='lat' dir='ltr'>placuit</span> <span class='ocrx_word' id='word_1_109' title='bbox 809 1880 1036 1936; x_wconf 90' lang='lat' dir='ltr'>emere,</span> <span class='ocrx_word' id='word_1_110' title='bbox 1068 1858 1125 1919; x_wconf 89' lang='lat'>&amp;</span> <span class='ocrx_word' id='word_1_111' title='bbox 1155 1855 1414 1940; x_wconf 75' lang='lat' dir='ltr'>egress&#39;us</span> <span class='ocrx_word' id='word_1_112' title='bbox 1459 1857 1544 1919; x_wconf 92' lang='lat' dir='ltr'>est</span> <span class='ocrx_word' id='word_1_113' title='bbox 1572 1858 1885 1922; x_wconf 90' lang='lat' dir='ltr'>civitatem</span> <span class='ocrx_word' id='word_1_114' title='bbox 1915 1861 2115 1923; x_wconf 92' lang='lat' dir='ltr'>secum</span> <span class='ocrx_word' id='word_1_115' title='bbox 2157 1861 2430 1923; x_wconf 89' lang='lat' dir='ltr'>deferens</span> <span class='ocrx_word' id='word_1_116' title='bbox 2458 1881 2609 1943; x_wconf 93' lang='lat' dir='ltr'>yco-</span> 
     </span>
     <span class='ocr_line' id='line_1_15' title="bbox 542 1969 823 2011; baseline -0.025 0"><span class='ocrx_word' id='word_1_117' title='bbox 542 1969 760 2011; x_wconf 86' lang='lat' dir='ltr'>nam....</span> <span class='ocrx_word' id='word_1_118' title='bbox 798 1972 823 2004; x_wconf 79' lang='grc'>»</span> 
     </span>
    </p>
   </div>
   <div class='ocr_carea' id='block_1_3' title="bbox 538 2053 2613 2364">
    <p class='ocr_par' dir='ltr' id='par_1_3' title="bbox 538 2053 2613 2364">
     <span class='ocr_line' id='line_1_16' title="bbox 684 2053 2613 2127; baseline 0.002 -22"><span class='ocrx_word' id='word_1_119' title='bbox 684 2053 843 2119; x_wconf 89' lang='lat' dir='ltr'>[Bibl.</span> <span class='ocrx_word' id='word_1_120' title='bbox 869 2064 974 2106; x_wconf 83' lang='lat' dir='ltr'>nat.</span> <span class='ocrx_word' id='word_1_121' title='bbox 1008 2054 1182 2118; x_wconf 67' lang='lat' dir='ltr'>Paris„</span> <span class='ocrx_word' id='word_1_122' title='bbox 1208 2054 1324 2105; x_wconf 91' lang='lat' dir='ltr'>cod.</span> <span class='ocrx_word' id='word_1_123' title='bbox 1352 2054 1440 2107; x_wconf 85' lang='lat' dir='ltr'>ms.</span> <span class='ocrx_word' id='word_1_124' title='bbox 1466 2054 1571 2119; x_wconf 69' lang='lat' dir='ltr'>lat„</span> <span class='ocrx_word' id='word_1_125' title='bbox 1603 2070 1771 2122; x_wconf 83' lang='lat'>10522</span> <span class='ocrx_word' id='word_1_126' title='bbox 1796 2055 1929 2123; x_wconf 89' lang='lat' dir='ltr'><strong>(saec.</strong></span> <span class='ocrx_word' id='word_1_127' title='bbox 1957 2057 2135 2127; x_wconf 88' lang='lat' dir='ltr'><strong>XIII),</strong></span> <span class='ocrx_word' id='word_1_128' title='bbox 2161 2058 2196 2111; x_wconf 90' lang='lat' dir='ltr'>f.</span> <span class='ocrx_word' id='word_1_129' title='bbox 2227 2062 2318 2123; x_wconf 81' lang='lat'>363</span> <span class='ocrx_word' id='word_1_130' title='bbox 2337 2055 2469 2109; x_wconf 88' lang='lat' dir='ltr'>Bibl.</span> <span class='ocrx_word' id='word_1_131' title='bbox 2491 2055 2613 2123; x_wconf 88' lang='lat' dir='ltr'>imp.</span> 
     </span>
     <span class='ocr_line' id='line_1_17' title="bbox 540 2133 2609 2203; baseline 0 -18"><span class='ocrx_word' id='word_1_132' title='bbox 540 2134 784 2199; x_wconf 90' lang='lat' dir='ltr'>Vindob.,</span> <span class='ocrx_word' id='word_1_133' title='bbox 828 2134 941 2185; x_wconf 93' lang='lat' dir='ltr'>cod.</span> <span class='ocrx_word' id='word_1_134' title='bbox 978 2133 1072 2186; x_wconf 91' lang='lat' dir='ltr'>ms.</span> <span class='ocrx_word' id='word_1_135' title='bbox 1109 2140 1233 2199; x_wconf 91' lang='lat'>480,</span> <span class='ocrx_word' id='word_1_136' title='bbox 1269 2133 1302 2185; x_wconf 90' lang='lat' dir='ltr'>f.</span> <span class='ocrx_word' id='word_1_137' title='bbox 1339 2138 1427 2197; x_wconf 88' lang='lat'>66,</span> <span class='ocrx_word' id='word_1_138' title='bbox 1458 2151 1595 2203; x_wconf 88' lang='lat' dir='ltr'>quem</span> <span class='ocrx_word' id='word_1_139' title='bbox 1641 2135 2011 2203; x_wconf 66' lang='lat' dir='ltr'>exscripserunt</span> <span class='ocrx_word' id='word_1_140' title='bbox 2050 2136 2609 2200; x_wconf 78' lang='lat' dir='ltr'>Pseudo-ThetmaruS,</span> 
     </span>
     <span class='ocr_line' id='line_1_18' title="bbox 539 2214 2613 2287; baseline -0.001 -20"><span class='ocrx_word' id='word_1_141' title='bbox 539 2214 861 2267; x_wconf 86' lang='lat' dir='ltr'>Itinerarium</span> <span class='ocrx_word' id='word_1_142' title='bbox 885 2214 937 2266; x_wconf 87' lang='lat' dir='ltr'>in</span> <span class='ocrx_word' id='word_1_143' title='bbox 973 2214 1185 2265; x_wconf 82' lang='lat' dir='ltr'>‘Terram</span> <span class='ocrx_word' id='word_1_144' title='bbox 1212 2216 1444 2267; x_wconf 62' lang='lat' dir='ltr'>Saneiam</span> <span class='ocrx_word' id='word_1_145' title='bbox 1473 2214 1578 2282; x_wconf 88' lang='lat' dir='ltr'>(ed.</span> <span class='ocrx_word' id='word_1_146' title='bbox 1609 2216 1650 2267; x_wconf 90' lang='grc' dir='ltr'>Ι.</span> <span class='ocrx_word' id='word_1_147' title='bbox 1677 2215 1740 2267; x_wconf 87' lang='lat' dir='ltr'>de</span> <span class='ocrx_word' id='word_1_148' title='bbox 1766 2215 2144 2282; x_wconf 66' lang='lat' dir='ltr'>saint-Geticis,</span> <span class='ocrx_word' id='word_1_149' title='bbox 2167 2235 2248 2287; x_wconf 88' lang='lat' dir='ltr'>ap.</span> <span class='ocrx_word' id='word_1_150' title='bbox 2269 2214 2532 2269; x_wconf 64' lang='lat' dir='ltr'>Mimoires</span> <span class='ocrx_word' id='word_1_151' title='bbox 2550 2218 2613 2267; x_wconf 83' lang='lat' dir='ltr'>de</span> 
     </span>
     <span class='ocr_line' id='line_1_19' title="bbox 538 2292 2607 2364; baseline -0.001 -17"><span class='ocrx_word' id='word_1_152' title='bbox 538 2293 838 2347; x_wconf 66' lang='lat' dir='ltr'>I&#39;Acadbmie</span> <span class='ocrx_word' id='word_1_153' title='bbox 853 2293 1016 2362; x_wconf 75' lang='lat' dir='ltr'>rqyale</span> <span class='ocrx_word' id='word_1_154' title='bbox 1039 2295 1100 2345; x_wconf 87' lang='lat' dir='ltr'>de</span> <span class='ocrx_word' id='word_1_155' title='bbox 1123 2292 1369 2362; x_wconf 81' lang='lat' dir='ltr'>Belgique,</span> <span class='ocrx_word' id='word_1_156' title='bbox 1383 2303 1420 2345; x_wconf 89' lang='lat' dir='ltr'>t.</span> <span class='ocrx_word' id='word_1_157' title='bbox 1440 2296 1636 2358; x_wconf 89' lang='lat' dir='ltr'><strong>XXVI,</strong></span> <span class='ocrx_word' id='word_1_158' title='bbox 1652 2311 1699 2362; x_wconf 86' lang='lat' dir='ltr'>p.</span> <span class='ocrx_word' id='word_1_159' title='bbox 1720 2294 1814 2362; x_wconf 84' lang='lat'>25)</span> <span class='ocrx_word' id='word_1_160' title='bbox 1834 2295 2184 2349; x_wconf 78' lang='lat' dir='ltr'>&amp;Matthaeus</span> <span class='ocrx_word' id='word_1_161' title='bbox 2215 2294 2373 2359; x_wconf 83' lang='lat' dir='ltr'>Paris,</span> <span class='ocrx_word' id='word_1_162' title='bbox 2389 2294 2607 2364; x_wconf 78' lang='lat' dir='ltr'>Historia</span> 
     </span>
    </p>
   </div>
   <div class='ocr_carea' id='block_1_4' title="bbox 538 2372 2019 2443">
    <p class='ocr_par' dir='ltr' id='par_1_4' title="bbox 538 2372 2019 2443">
     <span class='ocr_line' id='line_1_20' title="bbox 538 2372 2019 2443; baseline -0.003 -15"><span class='ocrx_word' id='word_1_163' title='bbox 538 2376 730 2440; x_wconf 86' lang='lat' dir='ltr'>Maior,</span> <span class='ocrx_word' id='word_1_164' title='bbox 750 2375 814 2426; x_wconf 90' lang='lat' dir='ltr'>ad</span> <span class='ocrx_word' id='word_1_165' title='bbox 845 2392 959 2425; x_wconf 88' lang='lat' dir='ltr'>ann.</span> <span class='ocrx_word' id='word_1_166' title='bbox 992 2392 1128 2439; x_wconf 86' lang='lat'><em>1204</em></span> <span class='ocrx_word' id='word_1_167' title='bbox 1156 2374 1265 2441; x_wconf 83' lang='lat' dir='ltr'>(ed.</span> <span class='ocrx_word' id='word_1_168' title='bbox 1296 2372 1485 2438; x_wconf 89' lang='lat' dir='ltr'>Luard,</span> <span class='ocrx_word' id='word_1_169' title='bbox 1511 2375 1580 2438; x_wconf 92' lang='lat'>11,</span> <span class='ocrx_word' id='word_1_170' title='bbox 1603 2390 1684 2441; x_wconf 87' lang='lat' dir='ltr'>pp.</span> <span class='ocrx_word' id='word_1_171' title='bbox 1716 2379 1780 2437; x_wconf 89' lang='lat'>48</span> <span class='ocrx_word' id='word_1_172' title='bbox 1790 2374 2019 2443; x_wconf 83' lang='lat'>5-486).]</span> 
     </span>
    </p>
   </div>
   <div class='ocr_carea' id='block_1_5' title="bbox 532 2501 2618 3285">
    <p class='ocr_par' dir='ltr' id='par_1_5' title="bbox 532 2501 2618 3285">
     <span class='ocr_line' id='line_1_21' title="bbox 622 2501 2610 2586; baseline 0.002 -26"><span class='ocrx_word' id='word_1_173' title='bbox 622 2528 647 2560; x_wconf 71' lang='lat' dir='ltr'>&lt;x</span> <span class='ocrx_word' id='word_1_174' title='bbox 677 2502 871 2582; x_wconf 83' lang='lat' dir='ltr'>Nota,</span> <span class='ocrx_word' id='word_1_175' title='bbox 897 2503 1029 2566; x_wconf 86' lang='lat' dir='ltr'>haec</span> <span class='ocrx_word' id='word_1_176' title='bbox 1068 2502 1274 2566; x_wconf 88' lang='lat' dir='ltr'>tabula</span> <span class='ocrx_word' id='word_1_177' title='bbox 1311 2503 1779 2586; x_wconf 84' lang='lat' dir='ltr'>Constantinopoli</span> <span class='ocrx_word' id='word_1_178' title='bbox 1818 2505 2019 2586; x_wconf 90' lang='lat' dir='ltr'>primo</span> <span class='ocrx_word' id='word_1_179' title='bbox 2060 2502 2218 2564; x_wconf 58' lang='lat' dir='ltr'>facia</span> <span class='ocrx_word' id='word_1_180' title='bbox 2259 2501 2318 2563; x_wconf 85' lang='lat'>&amp;</span> <span class='ocrx_word' id='word_1_181' title='bbox 2367 2502 2610 2584; x_wconf 68' lang='lat' dir='ltr'>depi&amp;a</span> 
     </span>
     <span class='ocr_line' id='line_1_22' title="bbox 537 2590 2609 2674; baseline -0 -21"><span class='ocrx_word' id='word_1_182' title='bbox 537 2592 651 2653; x_wconf 88' lang='lat' dir='ltr'>fuit</span> <span class='ocrx_word' id='word_1_183' title='bbox 681 2592 741 2653; x_wconf 94' lang='lat' dir='ltr'>in</span> <span class='ocrx_word' id='word_1_184' title='bbox 772 2593 1006 2653; x_wconf 90' lang='lat' dir='ltr'>honore</span> <span class='ocrx_word' id='word_1_185' title='bbox 1052 2592 1244 2653; x_wconf 89' lang='lat' dir='ltr'>beatae</span> <span class='ocrx_word' id='word_1_186' title='bbox 1288 2592 1582 2672; x_wconf 83' lang='lat' dir='ltr'>VirginiS,</span> <span class='ocrx_word' id='word_1_187' title='bbox 1613 2590 1672 2652; x_wconf 85' lang='lat'>&amp;</span> <span class='ocrx_word' id='word_1_188' title='bbox 1707 2591 1849 2653; x_wconf 91' lang='lat' dir='ltr'>inde</span> <span class='ocrx_word' id='word_1_189' title='bbox 1880 2614 1914 2653; x_wconf 94' lang='lat' dir='ltr'>a</span> <span class='ocrx_word' id='word_1_190' title='bbox 1956 2592 2227 2674; x_wconf 87' lang='lat' dir='ltr'>quodam</span> <span class='ocrx_word' id='word_1_191' title='bbox 2270 2591 2609 2674; x_wconf 89' lang='lat' dir='ltr'>patriarcha</span> 
     </span>
     <span class='ocr_line' id='line_1_23' title="bbox 538 2677 2610 2765; baseline 0 -25"><span class='ocrx_word' id='word_1_192' title='bbox 538 2678 930 2765; x_wconf 81' lang='lat' dir='ltr'>lerosolymam</span> <span class='ocrx_word' id='word_1_193' title='bbox 972 2678 1262 2761; x_wconf 64' lang='lat' dir='ltr'>perduE&#39;ta</span> <span class='ocrx_word' id='word_1_194' title='bbox 1300 2678 1432 2739; x_wconf 74' lang='lat' dir='ltr'>ffiit.</span> <span class='ocrx_word' id='word_1_195' title='bbox 1460 2677 1654 2739; x_wconf 91' lang='lat' dir='ltr'>Tunc</span> <span class='ocrx_word' id='word_1_196' title='bbox 1685 2681 1981 2760; x_wconf 90' lang='lat' dir='ltr'>temporis</span> <span class='ocrx_word' id='word_1_197' title='bbox 2012 2679 2293 2761; x_wconf 85' lang='lat' dir='ltr'>quaedam</span> <span class='ocrx_word' id='word_1_198' title='bbox 2322 2677 2610 2741; x_wconf 83' lang='lat' dir='ltr'>abbatiffa</span> 
     </span>
     <span class='ocr_line' id='line_1_24' title="bbox 535 2764 2607 2853; baseline 0.001 -25"><span class='ocrx_word' id='word_1_199' title='bbox 535 2767 860 2853; x_wconf 63' lang='lat' dir='ltr'>supradicti</span> <span class='ocrx_word' id='word_1_200' title='bbox 911 2767 1029 2830; x_wconf 92' lang='lat' dir='ltr'>loci</span> <span class='ocrx_word' id='word_1_201' title='bbox 1078 2767 1247 2829; x_wconf 89' lang='lat' dir='ltr'>causa</span> <span class='ocrx_word' id='word_1_202' title='bbox 1289 2765 1583 2828; x_wconf 89' lang='lat' dir='ltr'>orationis</span> <span class='ocrx_word' id='word_1_203' title='bbox 1621 2764 1938 2852; x_wconf 83' lang='lat' dir='ltr'>Ierusalem</span> <span class='ocrx_word' id='word_1_204' title='bbox 1969 2766 2375 2846; x_wconf 87' lang='lat' dir='ltr'><strong>descenderat,</strong></span> <span class='ocrx_word' id='word_1_205' title='bbox 2403 2768 2462 2830; x_wconf 88' lang='lat'>&amp;</span> <span class='ocrx_word' id='word_1_206' title='bbox 2492 2769 2607 2830; x_wconf 90' lang='lat' dir='ltr'>im·</span> 
     </span>
     <span class='ocr_line' id='line_1_25' title="bbox 537 2853 2618 2941; baseline 0.001 -22"><span class='ocrx_word' id='word_1_207' title='bbox 537 2873 769 2940; x_wconf 88' lang='lat' dir='ltr'>petrata</span> <span class='ocrx_word' id='word_1_208' title='bbox 816 2858 1020 2919; x_wconf 92' lang='lat' dir='ltr'>tabula</span> <span class='ocrx_word' id='word_1_209' title='bbox 1064 2879 1098 2918; x_wconf 92' lang='lat' dir='ltr'>a</span> <span class='ocrx_word' id='word_1_210' title='bbox 1140 2856 1479 2939; x_wconf 90' lang='lat' dir='ltr'>patriarcha</span> <span class='ocrx_word' id='word_1_211' title='bbox 1527 2853 2055 2941; x_wconf 82' lang='lat' dir='ltr'>IerosolymitanO,</span> <span class='ocrx_word' id='word_1_212' title='bbox 2097 2879 2232 2918; x_wconf 90' lang='lat' dir='ltr'>eam</span> <span class='ocrx_word' id='word_1_213' title='bbox 2283 2856 2484 2919; x_wconf 93' lang='lat' dir='ltr'>secum</span> <span class='ocrx_word' id='word_1_214' title='bbox 2530 2858 2618 2921; x_wconf 70' lang='lat' dir='ltr'>ad</span> 
     </span>
     <span class='ocr_line' id='line_1_26' title="bbox 534 2944 2606 3027; baseline 0.001 -19"><span class='ocrx_word' id='word_1_215' title='bbox 534 2946 847 3009; x_wconf 78' lang='lat' dir='ltr'>ecclesiam</span> <span class='ocrx_word' id='word_1_216' title='bbox 894 2947 998 3010; x_wconf 85' lang='lat' dir='ltr'>fibi</span> <span class='ocrx_word' id='word_1_217' title='bbox 1041 2945 1420 3009; x_wconf 85' lang='lat' dir='ltr'>commiffam</span> <span class='ocrx_word' id='word_1_218' title='bbox 1461 2944 1902 3027; x_wconf 88' lang='lat' dir='ltr'>transportavit.</span> <span class='ocrx_word' id='word_1_219' title='bbox 1943 2946 2088 3009; x_wconf 86' lang='lat' dir='ltr'>Fuit</span> <span class='ocrx_word' id='word_1_220' title='bbox 2127 2962 2332 3008; x_wconf 91' lang='lat' dir='ltr'>autem</span> <span class='ocrx_word' id='word_1_221' title='bbox 2361 2948 2482 3010; x_wconf 94' lang='lat' dir='ltr'>hoc</span> <span class='ocrx_word' id='word_1_222' title='bbox 2513 2950 2606 3010; x_wconf 90' lang='lat' dir='ltr'>in-</span> 
     </span>
     <span class='ocr_line' id='line_1_27' title="bbox 533 3037 1296 3118; baseline 0 -20"><span class='ocrx_word' id='word_1_223' title='bbox 533 3037 902 3099; x_wconf 88' lang='lat' dir='ltr'>carnationis</span> <span class='ocrx_word' id='word_1_224' title='bbox 933 3057 1094 3098; x_wconf 90' lang='lat' dir='ltr'>anno</span> <span class='ocrx_word' id='word_1_225' title='bbox 1117 3037 1251 3118; x_wconf 90' lang='lat'>870.</span> <span class='ocrx_word' id='word_1_226' title='bbox 1271 3060 1296 3092; x_wconf 85' lang='lat'>»</span> 
     </span>
     <span class='ocr_line' id='line_1_28' title="bbox 676 3135 2604 3205; baseline 0 -16"><span class='ocrx_word' id='word_1_227' title='bbox 676 3135 980 3205; x_wconf 80' lang='lat' dir='ltr'>[GerarduS,</span> <span class='ocrx_word' id='word_1_228' title='bbox 1004 3135 1342 3201; x_wconf 84' lang='lat' dir='ltr'>Itinerarium,</span> <span class='ocrx_word' id='word_1_229' title='bbox 1378 3145 1463 3204; x_wconf 86' lang='lat' dir='ltr'>ap.</span> <span class='ocrx_word' id='word_1_230' title='bbox 1496 3135 1810 3200; x_wconf 88' lang='lat' dir='ltr'>Arnoldum,</span> <span class='ocrx_word' id='word_1_231' title='bbox 1839 3135 2081 3189; x_wconf 82' lang='lat' dir='ltr'>Chronica</span> <span class='ocrx_word' id='word_1_232' title='bbox 2107 3137 2396 3201; x_wconf 82' lang='lat' dir='ltr'>Slavorum,</span> <span class='ocrx_word' id='word_1_233' title='bbox 2423 3137 2454 3191; x_wconf 88' lang='lat' dir='ltr'>l.</span> <span class='ocrx_word' id='word_1_234' title='bbox 2486 3140 2604 3204; x_wconf 90' lang='lat' dir='ltr'><strong>VII,</strong></span> 
     </span>
     <span class='ocr_line' id='line_1_29' title="bbox 532 3215 2439 3285; baseline -0.003 -15"><span class='ocrx_word' id='word_1_235' title='bbox 532 3235 577 3270; x_wconf 92' lang='lat' dir='ltr'>c.</span> <span class='ocrx_word' id='word_1_236' title='bbox 607 3222 634 3269; x_wconf 91' lang='lat'><strong>8</strong></span> <span class='ocrx_word' id='word_1_237' title='bbox 666 3219 850 3283; x_wconf 88' lang='lat' dir='ltr'>(Pertz,</span> <span class='ocrx_word' id='word_1_238' title='bbox 871 3217 1003 3270; x_wconf 87' lang='lat' dir='ltr'>Mon.</span> <span class='ocrx_word' id='word_1_239' title='bbox 1031 3219 1218 3281; x_wconf 65' lang='lat' dir='ltr'>Germ„</span> <span class='ocrx_word' id='word_1_240' title='bbox 1245 3229 1281 3268; x_wconf 88' lang='lat' dir='ltr'>t.</span> <span class='ocrx_word' id='word_1_241' title='bbox 1302 3218 1447 3282; x_wconf 93' lang='lat' dir='ltr'><strong>XXI,</strong></span> <span class='ocrx_word' id='word_1_242' title='bbox 1472 3234 1520 3285; x_wconf 90' lang='lat' dir='ltr'>p.</span> <span class='ocrx_word' id='word_1_243' title='bbox 1549 3215 1718 3284; x_wconf 85' lang='lat'>240).]</span> <span class='ocrx_word' id='word_1_244' title='bbox 2435 3224 2439 3229; x_wconf 78' lang='grc'><strong><em>’</em></strong></span> 
     </span>
    </p>
   </div>
   <div class='ocr_carea' id='block_1_6' title="bbox 528 3327 2602 3944">
    <p class='ocr_par' dir='ltr' id='par_1_6' title="bbox 528 3327 2602 3944">
     <span class='ocr_line' id='line_1_30' title="bbox 616 3327 2602 3413; baseline 0.002 -25"><span class='ocrx_word' id='word_1_245' title='bbox 616 3355 641 3387; x_wconf 72' lang='lat' dir='ltr'>&lt;x</span> <span class='ocrx_word' id='word_1_246' title='bbox 680 3329 783 3391; x_wconf 94' lang='lat' dir='ltr'>De</span> <span class='ocrx_word' id='word_1_247' title='bbox 829 3330 1092 3411; x_wconf 87' lang='lat' dir='ltr'>imagine</span> <span class='ocrx_word' id='word_1_248' title='bbox 1134 3353 1270 3413; x_wconf 86' lang='lat' dir='ltr'>quae</span> <span class='ocrx_word' id='word_1_249' title='bbox 1314 3329 1398 3391; x_wconf 92' lang='lat' dir='ltr'>est</span> <span class='ocrx_word' id='word_1_250' title='bbox 1436 3329 1497 3390; x_wconf 92' lang='lat' dir='ltr'>in</span> <span class='ocrx_word' id='word_1_251' title='bbox 1542 3328 1825 3407; x_wconf 82' lang='lat' dir='ltr'>Sardena,</span> <span class='ocrx_word' id='word_1_252' title='bbox 1863 3327 2084 3392; x_wconf 89' lang='lat' dir='ltr'>dicitur</span> <span class='ocrx_word' id='word_1_253' title='bbox 2133 3330 2301 3411; x_wconf 91' lang='lat' dir='ltr'>quod</span> <span class='ocrx_word' id='word_1_254' title='bbox 2352 3329 2433 3391; x_wconf 90' lang='lat' dir='ltr'>ibi</span> <span class='ocrx_word' id='word_1_255' title='bbox 2472 3345 2602 3392; x_wconf 89' lang='lat' dir='ltr'>erat</span> 
     </span>
     <span class='ocr_line' id='line_1_31' title="bbox 531 3415 2601 3501; baseline 0.001 -22"><span class='ocrx_word' id='word_1_256' title='bbox 531 3419 811 3501; x_wconf 86' lang='lat' dir='ltr'>quaedam</span> <span class='ocrx_word' id='word_1_257' title='bbox 835 3418 1119 3481; x_wconf 89' lang='lat' dir='ltr'>monialis</span> <span class='ocrx_word' id='word_1_258' title='bbox 1140 3418 1511 3495; x_wconf 61' lang='lat' dir='ltr'>saneiiffima,</span> <span class='ocrx_word' id='word_1_259' title='bbox 1535 3439 1671 3499; x_wconf 87' lang='lat' dir='ltr'>quae</span> <span class='ocrx_word' id='word_1_260' title='bbox 1694 3415 2359 3499; x_wconf 60' lang='lat' dir='ltr'>multumldefiderabat</span> <span class='ocrx_word' id='word_1_261' title='bbox 2380 3419 2601 3481; x_wconf 88' lang='lat' dir='ltr'>habere</span> 
     </span>
     <span class='ocr_line' id='line_1_32' title="bbox 530 3506 2600 3590; baseline 0 -21"><span class='ocrx_word' id='word_1_262' title='bbox 530 3507 798 3590; x_wconf 89' lang='lat' dir='ltr'>aliquam</span> <span class='ocrx_word' id='word_1_263' title='bbox 825 3506 1157 3590; x_wconf 91' lang='lat' dir='ltr'>ychoniam</span> <span class='ocrx_word' id='word_1_264' title='bbox 1186 3507 1247 3568; x_wconf 91' lang='lat' dir='ltr'>in</span> <span class='ocrx_word' id='word_1_265' title='bbox 1292 3507 1596 3567; x_wconf 89' lang='lat' dir='ltr'>honorem</span> <span class='ocrx_word' id='word_1_266' title='bbox 1634 3507 1828 3568; x_wconf 87' lang='lat' dir='ltr'>beatae</span> <span class='ocrx_word' id='word_1_267' title='bbox 1857 3507 2129 3589; x_wconf 87' lang='lat' dir='ltr'>Virginis</span> <span class='ocrx_word' id='word_1_268' title='bbox 2161 3507 2380 3568; x_wconf 86' lang='lat' dir='ltr'>Mariae</span> <span class='ocrx_word' id='word_1_269' title='bbox 2409 3506 2468 3569; x_wconf 85' lang='lat'>&amp;</span> <span class='ocrx_word' id='word_1_270' title='bbox 2499 3529 2600 3569; x_wconf 90' lang='lat' dir='ltr'>ro-</span> 
     </span>
     <span class='ocr_line' id='line_1_33' title="bbox 528 3595 2599 3679; baseline 0 -21"><span class='ocrx_word' id='word_1_271' title='bbox 528 3597 694 3677; x_wconf 85' lang='lat' dir='ltr'>gavit</span> <span class='ocrx_word' id='word_1_272' title='bbox 723 3597 1031 3679; x_wconf 89' lang='lat' dir='ltr'>quendam</span> <span class='ocrx_word' id='word_1_273' title='bbox 1063 3595 1445 3678; x_wconf 87' lang='lat' dir='ltr'>peregrinum</span> <span class='ocrx_word' id='word_1_274' title='bbox 1470 3595 1573 3677; x_wconf 91' lang='lat' dir='ltr'>qui</span> <span class='ocrx_word' id='word_1_275' title='bbox 1607 3595 1687 3656; x_wconf 92' lang='lat' dir='ltr'>ibi</span> <span class='ocrx_word' id='word_1_276' title='bbox 1720 3611 1993 3658; x_wconf 89' lang='lat' dir='ltr'>moratus</span> <span class='ocrx_word' id='word_1_277' title='bbox 2018 3596 2210 3658; x_wconf 91' lang='lat' dir='ltr'>fuerat</span> <span class='ocrx_word' id='word_1_278' title='bbox 2233 3617 2339 3676; x_wconf 92' lang='lat' dir='ltr'>per</span> <span class='ocrx_word' id='word_1_279' title='bbox 2361 3596 2599 3678; x_wconf 89' lang='lat' dir='ltr'>aliquot</span> 
     </span>
     <span class='ocr_line' id='line_1_34' title="bbox 531 3682 2596 3773; baseline 0 -27"><span class='ocrx_word' id='word_1_280' title='bbox 531 3688 773 3766; x_wconf 86' lang='lat' dir='ltr'>teinpus</span> <span class='ocrx_word' id='word_1_281' title='bbox 816 3684 875 3746; x_wconf 88' lang='lat'>&amp;</span> <span class='ocrx_word' id='word_1_282' title='bbox 913 3683 1160 3746; x_wconf 89' lang='lat' dir='ltr'>volebat</span> <span class='ocrx_word' id='word_1_283' title='bbox 1196 3684 1280 3745; x_wconf 92' lang='lat' dir='ltr'>ire</span> <span class='ocrx_word' id='word_1_284' title='bbox 1312 3683 1665 3773; x_wconf 85' lang='lat' dir='ltr'>Iherusalem</span> <span class='ocrx_word' id='word_1_285' title='bbox 1705 3683 1871 3766; x_wconf 93' lang='lat' dir='ltr'>quod</span> <span class='ocrx_word' id='word_1_286' title='bbox 1914 3700 2147 3746; x_wconf 91' lang='lat' dir='ltr'>emeret</span> <span class='ocrx_word' id='word_1_287' title='bbox 2185 3682 2289 3745; x_wconf 87' lang='lat' dir='ltr'>fibi</span> <span class='ocrx_word' id='word_1_288' title='bbox 2328 3684 2596 3768; x_wconf 88' lang='lat' dir='ltr'>aliquam</span> 
     </span>
     <span class='ocr_line' id='line_1_35' title="bbox 530 3770 2595 3862; baseline 0.001 -29"><span class='ocrx_word' id='word_1_289' title='bbox 530 3770 572 3833; x_wconf 83' lang='lat' dir='ltr'><strong>fi</strong></span> <span class='ocrx_word' id='word_1_290' title='bbox 603 3773 793 3855; x_wconf 80' lang='lat' dir='ltr'>pofl&#39;et</span> <span class='ocrx_word' id='word_1_291' title='bbox 834 3773 1108 3835; x_wconf 89' lang='lat' dir='ltr'>invenire</span> <span class='ocrx_word' id='word_1_292' title='bbox 1148 3774 1307 3855; x_wconf 90' lang='lat' dir='ltr'>apud</span> <span class='ocrx_word' id='word_1_293' title='bbox 1344 3772 1679 3862; x_wconf 82' lang='lat' dir='ltr'>Ierusalem,</span> <span class='ocrx_word' id='word_1_294' title='bbox 1707 3773 1809 3834; x_wconf 93' lang='lat' dir='ltr'>ubi</span> <span class='ocrx_word' id='word_1_295' title='bbox 1855 3788 2001 3834; x_wconf 90' lang='lat' dir='ltr'>tunc</span> <span class='ocrx_word' id='word_1_296' title='bbox 2044 3772 2288 3835; x_wconf 89' lang='lat' dir='ltr'>fiebant.</span> <span class='ocrx_word' id='word_1_297' title='bbox 2334 3771 2474 3852; x_wconf 86' lang='lat' dir='ltr'>Ivit,</span> <span class='ocrx_word' id='word_1_298' title='bbox 2505 3774 2595 3836; x_wconf 89' lang='lat' dir='ltr'>in-</span> 
     </span>
     <span class='ocr_line' id='line_1_36' title="bbox 528 3860 2595 3944; baseline 0.001 -21"><span class='ocrx_word' id='word_1_299' title='bbox 528 3863 698 3924; x_wconf 91' lang='lat' dir='ltr'>venit</span> <span class='ocrx_word' id='word_1_300' title='bbox 742 3863 801 3925; x_wconf 88' lang='lat'>&amp;</span> <span class='ocrx_word' id='word_1_301' title='bbox 845 3863 1016 3941; x_wconf 83' lang='lat' dir='ltr'>emit,</span> <span class='ocrx_word' id='word_1_302' title='bbox 1061 3862 1120 3924; x_wconf 85' lang='lat'>&amp;</span> <span class='ocrx_word' id='word_1_303' title='bbox 1165 3863 1313 3923; x_wconf 92' lang='lat' dir='ltr'>dum</span> <span class='ocrx_word' id='word_1_304' title='bbox 1361 3861 1605 3941; x_wconf 89' lang='lat' dir='ltr'>rediret,</span> <span class='ocrx_word' id='word_1_305' title='bbox 1652 3863 1710 3923; x_wconf 89' lang='lat' dir='ltr'>in</span> <span class='ocrx_word' id='word_1_306' title='bbox 1756 3862 2027 3944; x_wconf 92' lang='lat' dir='ltr'>quodam</span> <span class='ocrx_word' id='word_1_307' title='bbox 2071 3860 2319 3925; x_wconf 84' lang='lat' dir='ltr'>tranfitu</span> <span class='ocrx_word' id='word_1_308' title='bbox 2362 3864 2595 3926; x_wconf 89' lang='lat' dir='ltr'>audivit</span> 
     </span>
    </p>
   </div>
   <div class='ocr_carea' id='block_1_7' title="bbox 527 3949 2589 4325">
    <p class='ocr_par' dir='ltr' id='par_1_7' title="bbox 527 3949 2589 4325">
     <span class='ocr_line' id='line_1_37' title="bbox 536 3949 1938 4036; baseline -0.004 -23"><span class='ocrx_word' id='word_1_309' title='bbox 536 3949 879 4036; x_wconf 87' lang='lat' dir='ltr'>Turcopolas</span> <span class='ocrx_word' id='word_1_310' title='bbox 907 3952 1012 4034; x_wconf 90' lang='lat' dir='ltr'>qui</span> <span class='ocrx_word' id='word_1_311' title='bbox 1034 3951 1362 4014; x_wconf 91' lang='lat' dir='ltr'>veniebant</span> <span class='ocrx_word' id='word_1_312' title='bbox 1391 3972 1533 4013; x_wconf 92' lang='lat' dir='ltr'>cum</span> <span class='ocrx_word' id='word_1_313' title='bbox 1564 3951 1765 4032; x_wconf 86' lang='lat' dir='ltr'>praeda</span> <span class='ocrx_word' id='word_1_314' title='bbox 1768 3997 1881 4013; x_wconf 92' lang='grc'><strong>......</strong></span> <span class='ocrx_word' id='word_1_315' title='bbox 1914 3976 1938 4007; x_wconf 77' lang='grc'><strong>»</strong></span> 
     </span>
     <span class='ocr_line' id='line_1_38' title="bbox 672 4059 2589 4133; baseline 0 -19"><span class='ocrx_word' id='word_1_316' title='bbox 672 4060 822 4127; x_wconf 89' lang='lat' dir='ltr'>[Bibl.</span> <span class='ocrx_word' id='word_1_317' title='bbox 848 4061 986 4113; x_wconf 90' lang='lat' dir='ltr'>urbis</span> <span class='ocrx_word' id='word_1_318' title='bbox 1010 4060 1419 4113; x_wconf 83' lang='lat' dir='ltr'>cathalaunenfis</span> <span class='ocrx_word' id='word_1_319' title='bbox 1444 4059 1493 4111; x_wconf 88' lang='lat' dir='ltr'>in</span> <span class='ocrx_word' id='word_1_320' title='bbox 1522 4060 1819 4129; x_wconf 85' lang='lat' dir='ltr'>Campania,</span> <span class='ocrx_word' id='word_1_321' title='bbox 1836 4061 1953 4115; x_wconf 90' lang='lat' dir='ltr'>cod.</span> <span class='ocrx_word' id='word_1_322' title='bbox 1970 4061 2153 4126; x_wconf 87' lang='lat' dir='ltr'>ms.,n0</span> <span class='ocrx_word' id='word_1_323' title='bbox 2171 4068 2234 4129; x_wconf 84' lang='lat'>5⁶</span> <span class='ocrx_word' id='word_1_324' title='bbox 2261 4061 2396 4130; x_wconf 84' lang='lat' dir='ltr'><strong>(saec.</strong></span> <span class='ocrx_word' id='word_1_325' title='bbox 2418 4064 2589 4133; x_wconf 86' lang='lat' dir='ltr'><strong>XIII),</strong></span> 
     </span>
     <span class='ocr_line' id='line_1_39' title="bbox 527 4140 697 4211; baseline 0.029 -6"><span class='ocrx_word' id='word_1_326' title='bbox 527 4140 560 4192; x_wconf 89' lang='lat' dir='ltr'>f.</span> <span class='ocrx_word' id='word_1_327' title='bbox 593 4142 697 4211; x_wconf 91' lang='lat'><strong>97·]</strong></span> 
     </span>
     <span class='ocr_line' id='line_1_40' title="bbox 956 4260 1848 4325; baseline 0.002 -4"><span class='ocrx_word' id='word_1_328' title='bbox 956 4287 983 4321; x_wconf 70' lang='grc' dir='ltr'><strong><em>ι</em></strong></span> <span class='ocrx_word' id='word_1_329' title='bbox 1032 4262 1116 4323; x_wconf 88' lang='grc' dir='ltr'>ΑΙ</span> <span class='ocrx_word' id='word_1_330' title='bbox 1149 4264 1408 4325; x_wconf 90' lang='lat' dir='ltr'>termine</span> <span class='ocrx_word' id='word_1_331' title='bbox 1440 4260 1648 4323; x_wconf 89' lang='lat' dir='ltr'>d’ilors</span> <span class='ocrx_word' id='word_1_332' title='bbox 1679 4262 1848 4323; x_wconf 92' lang='lat' dir='ltr'>avint</span> 
     </span>
    </p>
   </div>
   <div class='ocr_carea' id='block_1_8' title="bbox 808 4349 2265 4510">
    <p class='ocr_par' dir='ltr' id='par_1_8' title="bbox 808 4349 2265 4510">
     <span class='ocr_line' id='line_1_41' title="bbox 954 4349 2012 4440; baseline -0.001 -26"><span class='ocrx_word' id='word_1_333' title='bbox 954 4350 1105 4440; x_wconf 72' lang='lat' dir='ltr'>Que</span> <span class='ocrx_word' id='word_1_334' title='bbox 1135 4373 1249 4415; x_wconf 90' lang='lat' dir='ltr'>uns</span> <span class='ocrx_word' id='word_1_335' title='bbox 1279 4352 1516 4414; x_wconf 91' lang='lat' dir='ltr'>moines</span> <span class='ocrx_word' id='word_1_336' title='bbox 1544 4349 1765 4435; x_wconf 88' lang='lat' dir='ltr'>gresois</span> <span class='ocrx_word' id='word_1_337' title='bbox 1793 4351 1852 4412; x_wconf 93' lang='lat' dir='ltr'>la</span> <span class='ocrx_word' id='word_1_338' title='bbox 1880 4351 2012 4413; x_wconf 88' lang='lat' dir='ltr'>vint</span> 
     </span>
     <span class='ocr_line' id='line_1_42' title="bbox 808 4442 2265 4510; baseline -0.001 1"><span class='ocrx_word' id='word_1_339' title='bbox 808 4442 850 4495; x_wconf 88' lang='lat' dir='ltr'><strong>P</strong></span> <span class='ocrx_word' id='word_1_340' title='bbox 2159 4462 2218 4510; x_wconf 87' lang='lat'>33</span> <span class='ocrx_word' id='word_1_341' title='bbox 2244 4442 2265 4464; x_wconf 83' lang='lat'><em>*</em></span> 
     </span>
    </p>
   </div>
  </div>
 </body>
</html>
