3620 5680
1032 517 1166 605 14²
1937 494 2152 594 (417)

1023 732 1097 795 ad
1128 753 1300 795 eum:
1347 757 1372 788 ι
1413 729 1587 793 Deus
1619 745 1677 791 te
1707 731 2048 810 benedicat,
2095 730 2203 810 fili,
2232 732 2375 815 quia
2402 727 2505 794 etfi
2546 730 2774 793 tardius
2812 731 3074 794 dimifisti

1027 850 1054 885 e
1087 842 1218 884 nos.
1257 845 1282 877 »
1330 818 1412 883 Et
1439 818 1636 881 statim
1667 820 1978 901 proferens
2021 819 2241 882 solidos
2282 840 2438 902 quos
2467 841 2502 881 a
2530 840 2627 881 me
2667 839 2775 901 pro
2813 820 3076 902 sportule

1021 910 1210 994 gratia
1249 908 1602 990 susceperat,
1647 909 1995 990 porrigebat
2043 909 2250 972 michi.
2297 907 2482 996 Quos
2529 911 2741 972 videns
2788 911 3076 973 nolebam

1023 998 1336 1081 suscipere,
1377 996 1706 1058 arbitrabar
1739 996 1904 1056 enim
1934 997 2077 1078 quia
2107 1017 2322 1078 parurn
2345 995 2650 1060 dediffem.
2683 995 2958 1079 Dixique
2988 1001 3075 1063 ei:

1028 1115 1052 1146 e
1083 1087 1144 1150 Si
1173 1108 1389 1170 parurn
1424 1085 1509 1147 est
1536 1084 1814 1147 addimus
1839 1084 2138 1147 tothidem
2171 1084 2318 1168 (fic),
2356 1106 2498 1149 nam
2528 1085 2669 1149 istos
2698 1107 2821 1147 non
2851 1088 3079 1170 accipi-

1028 1203 1052 1235 ‹
1083 1196 1236 1238 muS.
1259 1200 1286 1233 ι
1306 1173 1442 1259 Qui
1460 1174 1640 1236 dixit:
1664 1199 1686 1230 α
1713 1173 1938 1255 Neque
1961 1173 2072 1236 hos
2090 1189 2293 1252 tene0,
2314 1196 2514 1256 neque
2539 1174 2690 1237 alios
2708 1176 3027 1256 accipiam.
3049 1203 3075 1235 ›

1024 1264 1375 1348 Suspicabar
1404 1277 1608 1323 autern
1631 1282 1748 1343 ego
1777 1283 1856 1322 ne
1885 1277 2193 1323 vereretur
2214 1262 2476 1325 accusari
2508 1262 2646 1325 sein
2674 1262 2915 1345 palati0.
2958 1264 3080 1326 Cui

1025 1355 1180 1416 dixi:
1201 1378 1226 1410 ‹
1249 1352 1352 1415 Ne
1372 1352 1666 1428 timueris,
1681 1348 1766 1418 fili
1787 1350 1798 1411 !
1825 1372 1950 1411 non
1975 1351 2141 1411 enim
2157 1350 2357 1415 sumus
2373 1373 2448 1414 ex
2465 1352 2557 1415 his
2573 1373 2692 1435 que
2713 1350 2836 1436 (fic)
2860 1352 3085 1414 cuncta

1030 1470 1054 1501 α
1092 1456 1407 1525 peragrant
1420 1467 1439 1515 3
1461 1460 1574 1501 nos
1598 1454 1801 1500 autem
1823 1437 2164 1501 necessitate
2186 1439 2460 1521 conpulsi
2489 1441 2602 1502 iter
2620 1441 2875 1502 facimus
2884 1468 2903 1516 3
2931 1462 3081 1503 con-

1030 1559 1053 1589 «
1089 1529 1207 1592 fide
1239 1545 1441 1590 autem
1471 1527 1614 1609 quia
1641 1525 1789 1588 nicil
1819 1525 1963 1587 mali
1993 1526 2067 1588 de
2099 1543 2157 1589 te
2185 1549 2301 1590 nos
2324 1529 2616 1608 dicemuS,
2644 1550 2760 1590 nec
2783 1529 2948 1590 enim
2976 1551 3082 1591 ex·
3110 1545 3143 1592 f.
3171 1559 3269 1606 253
3291 1543 3341 1602 b,
3370 1543 3463 1587 col.
3483 1556 3511 1587 2

1029 1647 1054 1677 «
1093 1618 1261 1701 pedit
1295 1616 1491 1678 servos
1521 1614 1646 1677 Dei
1678 1614 1821 1677 talia
1848 1635 2041 1697 agere.
2088 1641 2111 1671 2>
2151 1617 2251 1677 Ad
2287 1616 2659 1698 postremum
2698 1618 2865 1698 cepit
2904 1618 3082 1682 nobis

1027 1708 1085 1770 &
1124 1705 1322 1768 sanae
1352 1701 1711 1766 confiteri&
1734 1703 1968 1765 dicere:
2005 1729 2028 1761 α
2061 1704 2309 1767 Credite
2346 1705 2516 1784 mihi,
2544 1705 2856 1767 beatissimi
2880 1704 2940 1766 &
2964 1705 3084 1787 ipsa

1031 1823 1053 1853 e
1092 1793 1460 1870 sanffiffima,
1489 1792 1634 1874 quia
1672 1813 1779 1873 per
1823 1806 2014 1853 totam
2055 1792 2303 1854 nofiem
2343 1792 2400 1854 δι
2438 1815 2554 1876 ego
2597 1792 2657 1854 &
2690 1794 2920 1857 coniux
2951 1816 3087 1856 mea

1031 1912 1054 1942 α
1092 1881 1356 1965 castigati
1390 1882 1588 1942 sumus
1625 1903 1660 1942 a
1694 1880 1898 1942 sancto
1930 1896 2194 1964 martyre
2224 1881 2514 1944 Leonti0.
2551 1880 2635 1944 Et
2663 1882 2872 1965 egreffi
2903 1883 3086 1944 ambo

1031 2002 1054 2031 «
1092 1970 1264 2035 fimul
1288 1971 1669 2033 cucurrimus
1693 1970 1766 2031 ad
1792 1973 2174 2052 martyrium,
2195 1970 2235 2032 fi
2260 1972 2487 2033 ibidem
2509 1994 2617 2035 vos
2640 1971 3088 2053 conpreedere-

1032 2090 1055 2120 «
1093 2082 1248 2124 mus·
1277 2059 1360 2122 Et
1381 2080 1573 2142 quum
1602 2060 1722 2120 iam
1747 2059 2002 2140 profecti
2028 2056 2296 2138 fuissetis,
2324 2081 2439 2141 ego
2463 2061 2564 2122 vix
2587 2060 2758 2142 potui
2782 2059 3089 2122 verederis

1032 2177 1057 2208 «
1096 2148 1226 2235 (stc)
1254 2168 1364 2209 vos
1387 2146 1862 2228 adprehendere.
1895 2146 2063 2209 Nam
2092 2148 2324 2209 coniux
2349 2169 2485 2208 mea
2513 2169 2623 2230 pro
2654 2169 2753 2209 me
2776 2146 3091 2229 supplicat,

1033 2265 1057 2296 e.
1094 2237 1239 2320 quia
1258 2236 1382 2316 ipsa
1397 2232 1560 2315 sequi
1583 2255 1711 2295 non
1728 2236 1948 2315 potuit.
1973 2234 2287 2316 Rogamus
2304 2256 2451 2317 ergo
2473 2251 2539 2296 ut
2564 2235 2884 2317 ignoscatis
2912 2234 3089 2297 nobis

1034 2354 1059 2385 ι
1094 2321 1362 2389 &oretis
1394 2343 1505 2403 pro
1537 2321 1713 2384 nobis
1744 2323 2185 2403 ignorantibus·
2216 2348 2243 2381 ι
2273 2323 2465 2386 Tunc
2487 2324 2602 2385 hec
2626 2324 2941 2385 audientes
2964 2324 3093 2404 egi-

1033 2436 1170 2479 mus
1192 2412 1336 2475 Deo
1357 2411 1578 2492 gratias
1601 2408 1661 2471 ὅτ
1685 2410 1762 2472 fic
1785 2409 2150 2492 suscepimus
2180 2427 2297 2475 tres
2326 2412 2459 2474 illos
2489 2410 2710 2474 solidos
2739 2410 2799 2472 &
2823 2410 3092 2473 reversus

1032 2504 1115 2574 est
1138 2500 1240 2564 ille
1263 2498 1503 2562 curialis
1527 2519 1670 2559 curn
1694 2499 1939 2579 gaudio,
1961 2514 2214 2581 accepta
2235 2499 2665 2561 benedictione
2688 2520 2722 2560 a
2744 2499 3091 2561 beatiffima.

1033 2597 1117 2661 Et
1136 2610 1280 2653 cum
1297 2607 1510 2648 omnes
1534 2585 1608 2647 de
1631 2586 1751 2648 hoc
1775 2587 2159 2665 miraremur,
2183 2586 2332 2649 dicit
2355 2588 2709 2649 beatiffima:
2733 2612 2759 2645 ‹
2781 2586 3094 2650 Confidite

1037 2709 1061 2739 ι
1098 2677 1392 2763 quoniam
1421 2696 1496 2735 ex
1527 2671 1670 2735 Deo
1701 2671 1786 2734 est
1814 2674 1930 2735 iter
1958 2673 2251 2735 nostrum.
2289 2698 2314 2730 ›
2348 2671 2433 2735 Et
2452 2695 2566 2736 nos
2598 2674 2670 2735 ab
2696 2676 2960 2736 invicem
2992 2696 3093 2735 ro-

1031 2770 1323 2854 gabamus
1352 2761 1618 2823 sancitam
1642 2776 1708 2822 ut
1730 2761 2029 2824 indicaret
2052 2762 2387 2824 misterium
2409 2762 2601 2824 cause.
2634 2763 3096 2845 Suspicabamur

1033 2860 1199 2921 enim
1233 2852 1397 2939 quod
1430 2850 1658 2933 aliquid
1689 2851 1745 2911 ei
1777 2850 2075 2913 ostensum
2101 2850 2298 2913 fuiffet
2326 2873 2585 2934 quoram
2610 2853 2916 2914 ominibus
2948 2853 3097 2937 (stc),

1036 2949 1237 3011 dicere
1267 2941 1419 3003 mihi
1448 2939 1729 3001 secretius
1769 2939 2166 3022 dignabatur:
2204 2966 2228 2996 <c
2268 2937 2442 3026 Quia
2469 2962 2577 3022 per
2607 2956 2800 3002 totam
2829 2941 3098 3020 noctem,

1041 3064 1064 3094 α
1103 3034 1336 3116 inquid,
1385 3027 1750 3110 pervigilans
1798 3030 2002 3110 rogavi
2048 3030 2370 3092 dominum
2402 3029 2460 3091 &
2488 3029 2755 3091 sanctum
2787 3031 3097 3091 martirem

1042 3153 1065 3183 «
1103 3139 1171 3186 ut
1190 3121 1367 3184 nobis
1389 3117 1638 3200 aliquod
1668 3116 1902 3198 {ignum
1924 3116 2327 3195 hostenderet,
2352 3115 2393 3177 [ι
2424 3116 2754 3179 secundum
2783 3117 2995 3180 Deum
3014 3119 3100 3180 est

1043 3241 1065 3271 α
1104 3215 1217 3274 iter
1245 3207 1540 3285 nostrum,
1575 3205 1876 3268 retinebat
1908 3206 2040 3267 iter.
2077 3231 2102 3262 ³
2134 3206 2326 3269 Tunc
2356 3228 2500 3268 cum
2528 3207 2751 3288 gaudio
2776 3208 2888 3268 iter
2915 3228 3099 3289 agen-

1039 3319 1127 3367 tes
1151 3301 1388 3362 ibamus
1422 3295 1481 3357 &
1510 3316 1653 3355 curn
1690 3295 1916 3377 gaudio
1960 3295 2035 3355 ab
2087 3296 2372 3359 omnibus
2400 3295 2887 3377 suscipiebamur,
2921 3294 3097 3357 multi

1037 3391 1202 3454 enim
1232 3388 1290 3450 &
1318 3381 1576 3447 vifiones
1604 3383 1658 3444 se
1689 3380 1898 3445 vidiffe
1929 3383 2215 3448 dicebant
2243 3384 2318 3445 de
2348 3385 2613 3447 adventu
2644 3385 2773 3446 eius
2780 3431 2871 3446 .....
2904 3411 2926 3440 »

1181 3542 1511 3610 [Anonymus
1532 3555 1751 3603 coaevuS,
1780 3536 1957 3604 Vitas
1976 3536 2227 3601 Melaniae‚
2231 3535 2498 3603 senatricis
2530 3539 2684 3589 Romae
2706 3537 2851 3606 (Par.
2879 3538 2935 3589 Β.
2961 3537 3101 3600 Nat.,

1040 3639 1088 3672 n.
1127 3639 1240 3689 acq-
1282 3619 1366 3670 lat.
1408 3624 1561 3683 2178,
1606 3636 1690 3681 m.,
1733 3617 1783 3668 in
1817 3616 2062 3684 Hispania
2087 3617 2261 3669 litteris
2288 3615 2592 3684 ‘vifigothicis
2618 3627 2904 3681 exaratum,
2949 3617 2980 3666 s.
3008 3617 3100 3680 XI,

1040 3699 1091 3749 ff.
1137 3701 1432 3765 248·253);
1482 3728 1545 3736 —
1572 3697 1718 3762 foliis
1758 3697 2004 3764 aliquibus
2033 3695 2245 3762 avulsis,
2286 3714 2389 3761 quae
2415 3698 2496 3746 ad·
2514 3695 2751 3763 reliquum
2777 3695 2869 3746 iter
2904 3700 2965 3746 de
2988 3695 3102 3746 ‘Iri-

1034 3777 1135 3845 poli
1171 3777 1605 3846 Constantinopolim
1651 3779 1708 3826 &⁹
1742 3780 1804 3828 de
1848 3775 2239 3842 Constantinopoli
2282 3775 2655 3842 Hierosolymam
2683 3775 2980 3842 speblabant
3017 3777 3101 3826 de-

1025 3859 1181 3926 sunt,
1223 3869 1400 3910 caetera
1428 3870 1607 3924 autem,
1625 3857 1697 3922 ff.
1730 3878 1758 3909 2
1768 3875 1833 3923 54
1848 3875 1937 3907 a-2
1951 3873 2010 3920 57
2024 3874 2077 3920 a,
2094 3853 2289 3921 sanblae
2315 3854 2547 3907 Melaniae
2571 3866 2768 3907 mortem
2789 3854 2953 3922 fufius
2981 3873 3103 3906 nar-

1041 3937 1203 4008 rant]

1127 4108 1151 4140 α
1188 4083 1390 4145 Sancti
1411 4080 1517 4165 filij
1551 4102 1935 4159 communes,
1970 4078 2216 4156 Albina,
2252 4077 2537 4140 Pinianus
2568 4077 2626 4139 &
2658 4076 2936 4141 Melania
2964 4075 3104 4159 plu-

1040 4172 1265 4233 rimum
1306 4192 1418 4233 vos
1455 4170 1728 4232 salutant.
1772 4169 1901 4231 Has
1948 4168 2176 4229 litteras
2228 4166 2302 4228 de
2354 4166 2557 4228 sancto
2579 4166 2855 4229 Bethleem
2899 4164 3104 4227 sanc’to

1045 4257 1395 4341 presbytero
1425 4255 1793 4321 Innocentio
1825 4257 1965 4320 dedi
1998 4256 2401 4338 perferendas·
2438 4279 2462 4312 2
