3620 5680
1466 519 1675 620 (373)
2506 518 2603 614 67

680 761 747 826 [S.
778 759 1139 910 Hier13nymus,
1167 757 1372 828 Eptstola
1393 760 1641 824 XXXIX,
1667 760 1741 810 ad
1782 756 1991 810 Paulam
2039 757 2271 826 (Migne,
2313 758 2451 810 Patr.
2496 758 2605 823 lat„

543 842 710 904 XXII,
736 856 781 892 c.
809 857 908 906 471
947 842 980 905 .]

622 996 648 1029 ‹
684 969 751 1034 O
776 969 1005 1031 invidia
1033 969 1301 1051 primum
1330 970 1587 1031 mordax
1612 969 1728 1032 tui!
1762 969 1830 1034 O
1862 968 2096 1031 Satanae
2124 967 2422 1031 calliditas
2452 968 2606 1030 sem-

543 1080 648 1141 per
693 1057 895 1119 saneta
937 1058 1332 1139 persequens!
1389 1056 1598 1119 Nullae
1641 1057 1775 1119 aliae
1819 1057 2119 1119 Romanae
2162 1056 2293 1119 urbi
2338 1055 2606 1118 fabulam

542 1146 950 1228 praebuerunt,
972 1143 1081 1207 nisi
1118 1144 1303 1207 Paula
1331 1144 1390 1208 &
1423 1144 1793 1223 Melanium,
1831 1168 1968 1229 quae
1997 1147 2371 1226 contemptis
2414 1144 2605 1207 facul-

542 1235 781 1313 tatibus,
818 1232 1291 1316 pignoribusque
1320 1233 1584 1313 desertis,
1627 1255 1879 1296 crucem
1913 1232 2175 1296 Domini
2208 1231 2371 1317 quasi
2405 1233 2605 1317 quod-

541 1326 683 1385 dam
710 1324 950 1405 pietatis
980 1322 1256 1385 levavere
1283 1322 1597 1386 vexillum.
1634 1347 1660 1379 ι

682 1460 748 1524 [8.
776 1459 1140 1531 Hieronymus,
1164 1457 1372 1528 Epistola
1397 1461 1556 1524 XLV,
1578 1461 1653 1511 ad
1674 1458 1909 1524 Asellam,
1938 1475 1981 1510 c.
2009 1478 2042 1521 4
2071 1457 2303 1526 (Migne‚
2328 1460 2465 1510 Patr.
2492 1458 2602 1524 lam,

540 1540 711 1603 XXII,
742 1555 786 1590 c.
813 1539 982 1607 481).]

624 1726 649 1758 ‹
675 1699 972 1778 Melania,
993 1699 1354 1761 nobiliffima
1376 1699 1703 1762 mulierum
1726 1701 2153 1763 Romanorum
2169 1699 2229 1762 &
2249 1699 2602 1762 Marcellini

543 1789 854 1872 quondam
876 1787 1138 1850 consulis
1168 1786 1312 1868 filia,
1343 1791 1526 1851 unico
1553 1805 1813 1871 praetore
1842 1804 1989 1851 tunc
2019 1788 2255 1850 urbano
2284 1787 2411 1850 filio
2436 1788 2609 1850 dere-

541 1877 711 1956 lic‘to,
741 1878 1129 2026 Ιενοζοζγνηαηι
1150 1878 1476 1961 navigavit,
1518 1878 1620 1940 ubi
1654 1893 1829 1940 tanto
1853 1879 2151 1941 virtutum
2183 1878 2607 1959 praecipueque

542 1967 656 2029 fuit
682 1966 852 2028 humi
882 1967 1041 2028 itatis
1071 1965 1390 2045 miracu10,
1420 1982 1488 2028 ut
1514 1966 1733 2029 Teclae
1761 1988 1991 2029 nomen
2023 1967 2344 2048 acceperit.
2382 1991 2407 2023 »

683 2107 750 2254 [8).
791 2105 1156 2177 Hieronymus,
1200 2103 1482 2171 Chronicon,
1527 2122 1607 2158 an.
1648 2123 1746 2170 377
1788 2106 2025 2176 (Migne,
2067 2108 2205 2159 Patr.
2239 2106 2353 2172 lat„
2389 2108 2607 2175 XXVII,

541 2202 585 2237 c·
612 2189 712 2252 ⁶97
749 2187 781 2250 ·]

627 2359 651 2389 c
690 2332 859 2395 Mihi
902 2353 1151 2416 quoque
1192 2329 1301 2415 ipfi
1346 2332 1676 2417 aliquando
1726 2356 1870 2396 cum
1913 2335 1989 2395 de
2034 2333 2309 2397 Bethleem
2340 2334 2609 2423 Ierosoly-

542 2441 691 2481 mam
738 2418 990 2482 venisset
1029 2420 1492 2505 [Hieronymus]
1541 2421 1600 2483 &
1629 2420 1915 2483 codicem
1946 2421 2146 2483 secum
2178 2419 2497 2499 detulisset,
2546 2422 2607 2483 in

544 2528 667 2588 quo
710 2523 840 2569 erat
888 2530 1044 2571 unus
1074 2509 1352 2592 dialogus
1383 2510 1727 2588 Ciceronis,
1771 2509 1830 2572 δι
1860 2511 2023 2571 idem
2055 2508 2175 2591 ipse
2205 2531 2439 2593 graecus
2471 2508 2610 2572 Pla-

542 2595 724 2675 tonis,
757 2598 921 2681 quod
955 2597 1193 2660 dederit
1222 2598 1418 2680 ipsum
1447 2600 1752 2677 codicem,
1782 2598 1841 2661 &
1862 2598 2216 2681 aliquandiu
2247 2599 2426 2660 fuerit
2450 2599 2609 2681 apud

541 2704 659 2763 me,
685 2685 859 2746 nullo
888 2708 1112 2769 genere
1139 2708 1359 2770 negare
1388 2687 1602 2770 potest.
1640 2687 1755 2750 Sed
1789 2688 1934 2770 quid
1969 2688 2266 2748 immoror
2311 2689 2520 2749 tandiu
2550 2688 2612 2749 in

541 2794 625 2853 re,
655 2796 793 2858 quae
823 2774 960 2837 luce
993 2775 1076 2837 est
1106 2775 1362 2838 clarior?
1405 2797 1548 2838 cum
1579 2775 1653 2838 ad
1685 2777 1817 2838 haec
1848 2777 2058 2837 omnia
2088 2798 2224 2860 quae
2254 2775 2428 2859 supra
2458 2776 2614 2837 dixi—

541 2882 697 2943 mus,
727 2864 910 2925 etiam
934 2863 1083 2926 illud
1111 2865 1386 2944 addatur,
1417 2865 1522 2927 ubi
1552 2863 1735 2928 ceffet
1762 2886 1949 2927 omne
1971 2881 2418 2944 commentum,
2447 2867 2612 2949 quod

542 2956 603 3016 in
648 2952 1014 3016 monasterio
1074 2953 1300 3035 positus
1356 2955 1419 3016 in
1470 2953 1748 3016 Bethleem
1793 2970 1935 3015 ante
1994 2976 2118 3016 non
2170 2953 2365 3015 multo
2416 2955 2614 3015 adhuc

543 3059 817 3125 tempore
847 3058 1050 3124 partes
1079 3044 1504 3125 grammaticas
1536 3042 1854 3106 exsecutus
1884 3041 1953 3104 fit
1983 3088 2183 3104 .....

625 3228 650 3260 ‹
685 3201 893 3265 Etiam
937 3223 1055 3265 nec
1105 3201 1254 3264 illud
1307 3204 1435 3265 eius
1488 3202 1908 3286 [Hieronymi]
1962 3202 2320 3264 admirabile
2372 3203 2607 3265 factum

544 3290 838 3353 filendum
899 3290 1014 3370 est,
1076 3313 1154 3352 ne
1205 3292 1504 3372 pudorem
1554 3292 1921 3353 incutiamus
1972 3292 2393 3370 audientibus,
2443 3293 2609 3373 quod

544 3378 894 3443 Marcellini
934 3379 1197 3442 consulis
1225 3394 1496 3461 neptem,
1545 3402 1751 3464 quam,
1780 3380 2083 3442 Romanae
2113 3380 2450 3443 nobilitatis
2490 3381 2612 3463 pri-

544 3490 728 3546 mam,
777 3468 1032 3550 parvulo
1074 3467 1203 3529 filio
1236 3467 1434 3530 Romae
1476 3469 1790 3548 derelicto,
1843 3467 2232 3558 [erosolymam
2272 3469 2500 3551 petiiffe
2552 3468 2611 3532 &

544 3556 626 3618 ibi
657 3556 737 3618 ob
767 3557 994 3642 insigne
1040 3560 1324 3621 meritum
1354 3560 1596 3621 virtutis
1624 3557 1893 3621 Teclam
1935 3559 2336 3637 nominatam,
2384 3561 2444 3621 in
2475 3558 2613 3642 ipsis

545 3646 852 3709 chronicis
882 3647 997 3710 suis
1026 3646 1335 3730 scripserat
1364 3694 1378 3709 .
1410 3694 1424 3709 .
1457 3695 1470 3709 .
1496 3673 1521 3704 ι

688 3791 943 3857 [Rus-inus,
979 3791 1213 3860 Apologia
1245 3791 1505 3859 adversus
1533 3790 1893 3860 Hieronymum,
1926 3790 1958 3843 l.
1987 3792 2055 3856 11,
2103 3808 2146 3842 c.
2171 3797 2219 3857 8,
2266 3797 2330 3844 26
2378 3789 2615 3860 (Migne,

547 3873 681 3924 Patr.
711 3870 822 3937 lat„
844 3874 988 3938 XXI,
1014 3889 1090 3925 cc.
1123 3890 1243 3940 591,
1268 3874 1429 3939 605).]

631 4045 658 4079 ι
692 4020 955 4082 Addidit
982 4036 1188 4084 autem
1220 4020 1532 4083 Dominus
1561 4020 1719 4082 hanc
1746 4020 2002 4103 gratiam
2043 4022 2120 4081 de
2159 4019 2514 4082 muneribus
2553 4019 2612 4083 δι

550 4108 762 4172 litteris
802 4110 943 4188 tuis,
990 4128 1059 4171 ut
1099 4110 1172 4171 ad
1213 4130 1319 4172 eos
1362 4109 1735 4191 potiffimum
1777 4110 1908 4171 dies
1956 4108 2134 4171 nobis
2179 4108 2361 4170 stater
2393 4108 2615 4171 Victor

552 4214 922 4278 occurreret,
950 4199 1172 4282 quibus
1202 4197 1466 4261 sanctam
1497 4197 1682 4280 ipsam
1714 4197 2102 4281 [Melaniam]
2138 4219 2213 4259 ex
2241 4197 2613 4287 Hierusalem

555 4285 686 4369 post
719 4287 990 4371 quinque
1020 4286 1200 4351 lustra
1227 4304 1601 4351 remeantem
1629 4287 1974 4369 recepimus
1976 4331 2176 4350 .....
