3620 5680
1387 496 1604 603 (417)
2377 524 2507 610 135

451 757 712 805 matrem
737 741 867 804 eius
888 741 947 804 ὅτ
969 741 1157 824 ipsam
1181 742 1500 824 inspiciens
1524 743 1720 806 tenuit
1734 743 1793 806 ὅτ
1808 742 2013 806 statuit
2034 766 2176 806 cum
2198 746 2513 819 ambobus.

449 831 535 893 Et
579 831 900 914 postquam
941 832 1163 914 egressa
1205 832 1290 896 est
1316 903 1319 906 v
1343 833 1532 911 turba,
1583 833 1748 913 cepit
1777 833 2144 896 beatissimus
2187 835 2391 896 dicere
2427 837 2513 900 eis

451 937 706 1003 quantas
757 921 1181 985 tribulationes
1226 920 1603 1004 pertulissent
1650 922 1709 984 &
1753 922 2016 984 docebat
2053 942 2159 983 eos
2202 936 2513 1005 tamquam

452 1010 733 1092 proprios
756 1009 918 1073 filios
948 1009 1082 1073 suos
1113 1010 1357 1073 dicens:
1391 1037 1415 1069 <z
1446 1010 1664 1073 Nolite
1695 1009 1954 1073 deficere
1985 1011 2127 1093 quia
2155 1009 2291 1073 finis
2322 1011 2515 1072 tribu-

453 1123 479 1156 ‹
515 1100 761 1165 lationis
814 1101 1050 1185 perficit
1090 1102 1412 1185 gaudium:
1442 1124 1569 1163 non
1599 1101 1732 1162 sunt
1760 1101 1928 1161 enim
1966 1099 2271 1182 condigne
2302 1100 2515 1181 paffio-

412 1189 419 1197 ’
453 1213 478 1245 e
513 1211 622 1253 nes
651 1191 831 1254 huius
862 1191 1158 1273 temporis
1188 1191 1261 1253 ad
1301 1192 1567 1252 futuram
1595 1190 1857 1272 gloriam
1906 1210 2026 1272 que
2058 1188 2423 1251 revelabitur
2450 1192 2513 1252 in

452 1302 479 1334 α
514 1279 694 1342 nobis
723 1304 771 1341 >>.
808 1279 1000 1342 Tunc
1032 1280 1256 1362 itaque,
1297 1279 1395 1341 vel
1426 1300 1648 1361 magno
1681 1299 1868 1359 opere
1899 1277 2344 1341 benedictionis
2376 1299 2512 1360 per-

447 1367 613 1448 cepti
645 1368 720 1429 ab
750 1389 824 1429 eo
855 1366 914 1429 &
955 1367 1145 1429 nimia
1174 1366 1588 1429 consolatione
1619 1366 1894 1443 recreati,
1922 1381 2231 1428 narrantes
2260 1366 2514 1428 virtutes

449 1455 602 1531 eius,
646 1456 932 1538 navigant
978 1455 1417 1540 lherosolimam,
1473 1454 1532 1517 &
1579 1454 1815 1537 ingrefli
1864 1453 2122 1515 adorant
2163 1452 2514 1515 Dominum

453 1564 562 1623 per
590 1542 727 1605 loca
750 1544 965 1605 sanssta.
992 1542 1238 1605 Deinde
1261 1543 1639 1625 hospitantur
1663 1544 1723 1604 in
1750 1543 1951 1603 saneta
1976 1539 2263 1619 Anastafi,
2286 1543 2515 1604 haben-

451 1648 541 1693 tes
570 1632 771 1694 adhuc
802 1633 1053 1715 quidem
1085 1653 1335 1713 parvam
1367 1632 1688 1713 pecuniam
1721 1630 1851 1691 auri
1881 1651 2065 1712 quam
2095 1631 2515 1711 expenderunt

451 1741 562 1802 per
593 1742 808 1784 manus
839 1742 1056 1782 eorum
1087 1720 1191 1802 qui
1223 1716 1468 1802 repofiti
1498 1735 1672 1781 erant
1697 1719 1869 1800 super
1899 1739 2217 1799 paupereS,
2234 1718 2514 1782 nolentes

450 1830 561 1891 per
591 1810 646 1871 se
677 1801 835 1891 ipsos
872 1809 1208 1891 dispensare
1238 1830 1317 1870 ne
1345 1808 1573 1890 aliquid
1607 1808 1751 1870 boni
1777 1804 1978 1868 feciffe
2013 1808 2380 1869 viderentur.
2423 1806 2516 1869 Ita

448 1896 685 1978 semper
730 1896 1144 1960 humilitatem
1186 1896 1641 1970 custodiebant3
1686 1894 1978 1956 afferebat
2007 1894 2271 1978 denique
2300 1896 2514 1958 beatis-

448 1981 597 2045 fima
619 1987 784 2068 quod
811 2007 886 2047 eo
910 2000 1058 2047 voto
1083 1985 1143 2047 &
1166 1981 1456 2046 defiderio
1483 1984 1710 2046 ibidem
1732 1980 2104 2045 advenissent
2126 1998 2210 2060 ut,
2228 1983 2515 2045 omnibus

447 2073 511 2134 in
558 2073 802 2137 Christo
848 2074 1212 2155 dispensatis,
1251 2075 1310 2135 in
1354 2069 1716 2134 eclefiastico
1761 2073 1945 2134 brebe
1998 2071 2341 2153 conscripti,
2391 2070 2515 2133 ele-

447 2159 746 2223 mofinam
777 2163 934 2226 inter
966 2178 1206 2225 ceteros
1238 2183 1534 2245 pauperes
1564 2160 2094 2244 consequerentur.
2124 2158 2341 2242 Itaque
2370 2181 2514 2221 cum

444 2250 673 2311 nimius
716 2252 895 2312 ardor
941 2250 1082 2312 fidei
1130 2252 1260 2313 eius
1309 2250 1369 2312 &
1419 2248 1776 2311 abstinentia
1825 2264 2232 2331 permaneret,
2285 2247 2513 2309 facitum

139 2345 261 2405 249⁶,
281 2346 411 2393 col.1
443 2335 533 2399 est
584 2336 879 2399 infirmari
928 2360 1064 2401 eam
1115 2338 1174 2401 &
1219 2354 1466 2421 propter
1501 2336 1932 2399 volumtariam
1977 2350 2397 2419 paupertatem
2454 2335 2513 2398 &

443 2426 704 2489 multam
763 2427 1148 2490 tolerantiam
1205 2427 1353 2489 nicil
1409 2426 1571 2489 aliud
1635 2447 1927 2507 umquam
1985 2440 2187 2506 preter
2242 2423 2514 2486 cilicium

441 2530 739 2577 uteretur.
785 2516 1074 2599 Cumque
1118 2515 1294 2578 multi
1340 2515 1647 2578 servorum
1678 2513 1892 2576 Dei&
1921 2514 2229 2595 virginum
2273 2512 2346 2574 ad
2376 2509 2513 2575 vifi-
2585 2581 2598 2596 ,

446 2604 703 2665 tandum
753 2603 1147 2665 beatissimam
1203 2604 1602 2666 desiderantes
1644 2606 1945 2681 venirent,
2002 2604 2170 2684 virgo
2227 2601 2511 2683 quedam,

440 2690 758 2754 sanctitate
801 2692 860 2755 ὅτ
895 2694 1022 2754 vita
1049 2691 1108 2754 ὅτ
1138 2694 1409 2755 moribus
1438 2692 1615 2753 valde
1645 2691 1854 2771 libera,
1890 2712 2033 2754 cum
2079 2710 2299 2772 magna
2325 2709 2513 2749 vene-

437 2781 678 2844 ratione
722 2779 979 2864 capitale
1010 2779 1333 2864 pulvillum
1371 2782 1472 2842 vix
1504 2782 1707 2863 potuit
1735 2781 2061 2864 impetrare
2106 2794 2175 2842 ut
2217 2776 2511 2860 suscipere

441 2872 799 2954 dignaretur
827 2869 887 2932 &
929 2870 1032 2932 sub
1062 2870 1165 2932 suo
1209 2871 1409 2953 capite
1441 2891 1692 2952 ponere,
1721 2892 1907 2954 quem
1937 2869 2266 2932 beatiflima
2293 2887 2513 2948 accep-

441 2975 580 3021 tum
609 2980 722 3041 pro
754 2979 974 3041 magna
1004 2958 1433 3020 benedictione
1476 2957 1536 3020 &
1577 2978 1704 3019 non
1749 2974 2005 3040 propter
2045 2956 2292 3019 delicias
2334 2955 2526 3015 hute-·

439 3045 642 3108 batur.

531 3157 559 3196 a<
613 3134 1014 3198 Permanebat
1043 3135 1227 3217 igitur
1267 3133 1597 3197 beatissima
1638 3155 1781 3195 cum
1826 3133 2026 3195 sanaa
2072 3147 2262 3194 matre
2306 3130 2407 3192 sua
2446 3130 2508 3191 in

442 3223 647 3285 saneta
689 3222 1149 3285 Resurreaione
1188 3224 1246 3286 &
1289 3221 1510 3284 secrete
1553 3222 1813 3285 residens
1866 3221 2137 3305 opusque
2188 3220 2359 3281 suum
2406 3238 2511 3301 per

440 3307 712 3392 fingulos
770 3310 896 3373 dies
949 3310 1377 3374 consummans
1433 3309 1492 3372 &
1541 3309 1789 3372 lectioni
1849 3330 2091 3387 vacans,
2144 3307 2509 3368 memoriam

442 3399 901 3481 Scripturarum
933 3399 1276 3461 divinarum
1307 3399 1411 3461 suo
1444 3398 1679 3480 peE'tori
1710 3398 2103 3476 recondebat,
2128 3394 2280 3457 nulli
2306 3395 2509 3476 paflim

443 3507 767 3569 apparens,
794 3509 910 3550 nec
939 3488 1064 3550 cito
1089 3489 1430 3570 procedens
1453 3485 1561 3549 nifi
1592 3488 1745 3549 forte
1768 3508 1960 3569 quum
1991 3486 2193 3568 magni
2217 3485 2276 3546 δι
2297 3484 2422 3545 vita
2450 3482 2510 3545 ὅτ

440 3575 756 3637 sanctitate
803 3575 1063 3658 preclari
1107 3576 1371 3659 episcopi
1421 3575 1518 3637 vel
1560 3575 1743 3637 saneti
1787 3591 1988 3658 patres
2029 3575 2325 3649 venirent,
2354 3592 2509 3652 quos

439 3664 708 3726 maxime
738 3686 865 3725 non
897 3666 977 3727 ob
1022 3665 1203 3727 aliam
1234 3665 1470 3728 causam
1512 3665 1595 3727 set
1635 3681 1889 3746 propter
1930 3663 2249 3725 salutarem
2280 3660 2511 3721 doctri-

436 3774 588 3815 nam
632 3753 690 3816 &
741 3755 1082 3817 divinarum
1126 3754 1582 3837 Scripturarum
1625 3751 1847 3815 secreta
1889 3751 2147 3814 misteria
2195 3749 2509 3831 requirens

438 3840 815 3924 suscipiebat.
843 3843 1230 3908 Occurrebat
1250 3844 1436 3905 etiam
1458 3863 1603 3904 cum
1630 3839 1975 3903 honorifico
2006 3840 2064 3902 &
2088 3837 2191 3900 suo
2222 3836 2329 3899 illo
2360 3858 2510 3898 con-

439 3929 614 3992 sueto
645 3931 704 3994 δε
732 3933 1079 3994 verecundo
1111 3931 1364 3994 salutato
1405 3930 1464 3993 ὅτ
1502 3928 1831 4013 provoluta
1854 3929 2110 4010 pedibus
2150 3946 2368 3987 eorum
2400 3946 2508 3986 ex-

439 4019 730 4100 poscebat
771 4020 1285 4082 benedicstionem.
1333 4018 1583 4103 Quibus
1622 4017 1881 4101 egressis,
1916 4016 2037 4099 ipsa
2085 4017 2143 4077 in
2181 4015 2284 4076 suo
2320 4035 2509 4094 opere

438 4108 773 4190 Scripturae
796 4110 856 4170 in
881 4108 1110 4171 ieiunio
1135 4108 1543 4191 permanebat.
1567 4106 1943 4189 Vespertinis
1973 4124 2117 4166 vero
2147 4104 2315 4166 horis
2346 4100 2510 4184 post-

441 4216 634 4278 quam
671 4194 842 4259 locus
883 4196 1081 4257 sancte
1118 4195 1606 4258 Resurrectionis
1643 4216 1678 4256 a
1718 4194 2070 4256 custodibus
2098 4190 2509 4266 claudebatur,

141 4287 411 4346 249b2001·2
440 4283 737 4345 omnibus
774 4283 885 4346 rite
927 4286 1210 4366 receptiS,
1237 4286 1351 4346 hec
1395 4283 1743 4362 beatiffima,
1779 4281 2093 4367 egrediens
2123 4280 2197 4343 de
2227 4278 2382 4342 cella
2409 4276 2509 4338 sua
