<?xml version="1.0" encoding="UTF-8"?>
<!DOCTYPE html PUBLIC "-//W3C//DTD XHTML 1.0 Transitional//EN"
    "http://www.w3.org/TR/xhtml1/DTD/xhtml1-transitional.dtd">
<html xmlns="http://www.w3.org/1999/xhtml" xml:lang="en" lang="en">
 <head>
  <title>
</title>
<meta http-equiv="Content-Type" content="text/html;charset=utf-8" />
  <meta name='ocr-system' content='tesseract 3.04.00' />
  <meta name='ocr-capabilities' content='ocr_page ocr_carea ocr_par ocr_line ocrx_word'/>
</head>
<body>
  <div class='ocr_page' id='page_1' title='image "./itinerahierosol00hiergoog_0139.png"; bbox 0 0 3620 5680; ppageno 0'>
   <div class='ocr_carea' id='block_1_1' title="bbox 1379 521 2495 620">
    <p class='ocr_par' dir='ltr' id='par_1_1' title="bbox 1379 521 2495 620">
     <span class='ocr_line' id='line_1_1' title="bbox 1379 521 2495 620; baseline 0.007 -8"><span class='ocrx_word' id='word_1_1' title='bbox 1379 521 1592 619; x_wconf 80' lang='lat'>(415)</span> <span class='ocrx_word' id='word_1_2' title='bbox 2374 539 2495 620; x_wconf 87' lang='lat'>¹31</span> 
     </span>
    </p>
   </div>
   <div class='ocr_carea' id='block_1_2' title="bbox 194 758 2541 947">
    <p class='ocr_par' dir='ltr' id='par_1_2' title="bbox 194 758 2541 947">
     <span class='ocr_line' id='line_1_2' title="bbox 194 758 2541 853; baseline 0.001 -25"><span class='ocrx_word' id='word_1_3' title='bbox 194 782 244 829; x_wconf 87' lang='lat' dir='ltr'>e.</span> <span class='ocrx_word' id='word_1_4' title='bbox 277 773 424 853; x_wconf 80' lang='lat'>415</span> <span class='ocrx_word' id='word_1_5' title='bbox 458 759 524 788; x_wconf 73' lang='lat'>¹¹¹*</span> <span class='ocrx_word' id='word_1_6' title='bbox 542 761 1040 845; x_wconf 88' lang='lat' dir='ltr'>ALEXANDER,</span> <span class='ocrx_word' id='word_1_7' title='bbox 1073 760 1770 852; x_wconf 84' lang='lat' dir='ltr'>Constantinopolitanus</span> <span class='ocrx_word' id='word_1_8' title='bbox 1785 762 2061 851; x_wconf 85' lang='lat' dir='ltr'>senator,</span> <span class='ocrx_word' id='word_1_9' title='bbox 2090 758 2153 827; x_wconf 56' lang='grc' dir='ltr'>δ’</span> <span class='ocrx_word' id='word_1_10' title='bbox 2185 764 2509 831; x_wconf 83' lang='lat' dir='ltr'><strong>IULIANA</strong></span> <span class='ocrx_word' id='word_1_11' title='bbox 2535 771 2541 775; x_wconf 80' lang='grc'><strong>’</strong></span> 
     </span>
     <span class='ocr_line' id='line_1_3' title="bbox 457 872 980 947; baseline -0.013 -10"><span class='ocrx_word' id='word_1_12' title='bbox 457 893 607 937; x_wconf 79' lang='lat' dir='ltr'>uxor</span> <span class='ocrx_word' id='word_1_13' title='bbox 637 872 784 936; x_wconf 84' lang='lat' dir='ltr'>eius.</span> <span class='ocrx_word' id='word_1_14' title='bbox 825 879 980 947; x_wconf 84' lang='lat'>(158)</span> 
     </span>
    </p>
   </div>
   <div class='ocr_carea' id='block_1_3' title="bbox 455 994 2520 2051">
    <p class='ocr_par' dir='ltr' id='par_1_3' title="bbox 455 994 2520 2051">
     <span class='ocr_line' id='line_1_4' title="bbox 544 994 2512 1079; baseline 0.003 -25"><span class='ocrx_word' id='word_1_15' title='bbox 544 1022 569 1054; x_wconf 84' lang='lat'><strong>‹</strong></span> <span class='ocrx_word' id='word_1_16' title='bbox 602 995 945 1058; x_wconf 87' lang='lat' dir='ltr'>Transsatio</span> <span class='ocrx_word' id='word_1_17' title='bbox 976 1010 1178 1057; x_wconf 91' lang='lat' dir='ltr'>autem</span> <span class='ocrx_word' id='word_1_18' title='bbox 1228 995 1358 1058; x_wconf 89' lang='lat' dir='ltr'>eius</span> <span class='ocrx_word' id='word_1_19' title='bbox 1411 994 1470 1079; x_wconf 90' lang='lat' dir='ltr'>[s.</span> <span class='ocrx_word' id='word_1_20' title='bbox 1501 994 1839 1078; x_wconf 86' lang='lat' dir='ltr'>StephaniJ,</span> <span class='ocrx_word' id='word_1_21' title='bbox 1890 1010 1956 1057; x_wconf 91' lang='lat' dir='ltr'>ut</span> <span class='ocrx_word' id='word_1_22' title='bbox 2002 996 2088 1058; x_wconf 89' lang='lat' dir='ltr'>ait</span> <span class='ocrx_word' id='word_1_23' title='bbox 2116 995 2512 1078; x_wconf 89' lang='lat' dir='ltr'>Augustinus,</span> 
     </span>
     <span class='ocr_line' id='line_1_5' title="bbox 457 1083 2514 1167; baseline 0.001 -22"><span class='ocrx_word' id='word_1_24' title='bbox 457 1085 579 1145; x_wconf 90' lang='lat' dir='ltr'>hoc</span> <span class='ocrx_word' id='word_1_25' title='bbox 601 1084 788 1145; x_wconf 89' lang='lat' dir='ltr'>modo</span> <span class='ocrx_word' id='word_1_26' title='bbox 812 1084 952 1146; x_wconf 86' lang='lat' dir='ltr'>fuit:</span> <span class='ocrx_word' id='word_1_27' title='bbox 985 1106 1126 1146; x_wconf 88' lang='lat' dir='ltr'>nam</span> <span class='ocrx_word' id='word_1_28' title='bbox 1156 1084 1509 1146; x_wconf 86' lang='lat' dir='ltr'>Alexander</span> <span class='ocrx_word' id='word_1_29' title='bbox 1531 1083 1767 1146; x_wconf 90' lang='lat' dir='ltr'>senator</span> <span class='ocrx_word' id='word_1_30' title='bbox 1800 1083 2514 1167; x_wconf 87' lang='lat' dir='ltr'>Constantinopolitanus</span> 
     </span>
     <span class='ocr_line' id='line_1_6' title="bbox 458 1171 2516 1262; baseline 0 -28"><span class='ocrx_word' id='word_1_31' title='bbox 458 1172 771 1262; x_wconf 81' lang='lat' dir='ltr'><em>Ierusalem</em></span> <span class='ocrx_word' id='word_1_32' title='bbox 800 1193 944 1233; x_wconf 90' lang='lat' dir='ltr'>cum</span> <span class='ocrx_word' id='word_1_33' title='bbox 972 1194 1164 1235; x_wconf 87' lang='lat' dir='ltr'>uxore.</span> <span class='ocrx_word' id='word_1_34' title='bbox 1199 1172 1299 1234; x_wconf 90' lang='lat' dir='ltr'>sua</span> <span class='ocrx_word' id='word_1_35' title='bbox 1326 1173 1474 1235; x_wconf 91' lang='lat' dir='ltr'>adiit</span> <span class='ocrx_word' id='word_1_36' title='bbox 1502 1171 1561 1234; x_wconf 88' lang='lat'>&amp;</span> <span class='ocrx_word' id='word_1_37' title='bbox 1591 1172 2008 1254; x_wconf 84' lang='lat' dir='ltr'>protomartiri</span> <span class='ocrx_word' id='word_1_38' title='bbox 2041 1172 2347 1256; x_wconf 89' lang='lat' dir='ltr'>Stephano</span> <span class='ocrx_word' id='word_1_39' title='bbox 2380 1172 2516 1256; x_wconf 92' lang='lat' dir='ltr'>pul-</span> 
     </span>
     <span class='ocr_line' id='line_1_7' title="bbox 456 1260 2518 1342; baseline 0.001 -19"><span class='ocrx_word' id='word_1_40' title='bbox 456 1261 826 1323; x_wconf 90' lang='lat' dir='ltr'>cherrimum</span> <span class='ocrx_word' id='word_1_41' title='bbox 868 1260 1200 1323; x_wconf 86' lang='lat' dir='ltr'>oratorium</span> <span class='ocrx_word' id='word_1_42' title='bbox 1243 1261 1573 1323; x_wconf 88' lang='lat' dir='ltr'>construxit</span> <span class='ocrx_word' id='word_1_43' title='bbox 1621 1281 1692 1322; x_wconf 90' lang='lat' dir='ltr'>ac</span> <span class='ocrx_word' id='word_1_44' title='bbox 1736 1260 1868 1342; x_wconf 90' lang='lat' dir='ltr'>post</span> <span class='ocrx_word' id='word_1_45' title='bbox 1907 1260 2037 1324; x_wconf 90' lang='lat' dir='ltr'>eius</span> <span class='ocrx_word' id='word_1_46' title='bbox 2080 1262 2319 1324; x_wconf 90' lang='lat' dir='ltr'>obitum</span> <span class='ocrx_word' id='word_1_47' title='bbox 2349 1263 2518 1325; x_wconf 85' lang='lat' dir='ltr'>iuxta</span> 
     </span>
     <span class='ocr_line' id='line_1_8' title="bbox 456 1346 2516 1432; baseline 0.001 -24"><span class='ocrx_word' id='word_1_48' title='bbox 456 1347 588 1410; x_wconf 90' lang='lat' dir='ltr'>eius</span> <span class='ocrx_word' id='word_1_49' title='bbox 617 1369 840 1431; x_wconf 88' lang='lat' dir='ltr'>corpus</span> <span class='ocrx_word' id='word_1_50' title='bbox 872 1351 925 1410; x_wconf 94' lang='lat' dir='ltr'>se</span> <span class='ocrx_word' id='word_1_51' title='bbox 955 1349 1189 1432; x_wconf 92' lang='lat' dir='ltr'>sepeliri</span> <span class='ocrx_word' id='word_1_52' title='bbox 1220 1350 1380 1412; x_wconf 92' lang='lat' dir='ltr'>fecit.</span> <span class='ocrx_word' id='word_1_53' title='bbox 1411 1347 1695 1411; x_wconf 90' lang='lat' dir='ltr'>Evolutis</span> <span class='ocrx_word' id='word_1_54' title='bbox 1724 1369 1868 1430; x_wconf 84' lang='lat' dir='ltr'>ergo</span> <span class='ocrx_word' id='word_1_55' title='bbox 1908 1349 2008 1431; x_wconf 89' lang='lat' dir='ltr'>vij.</span> <span class='ocrx_word' id='word_1_56' title='bbox 2040 1350 2234 1429; x_wconf 88' lang='lat' dir='ltr'>annis,</span> <span class='ocrx_word' id='word_1_57' title='bbox 2281 1346 2516 1412; x_wconf 91' lang='lat' dir='ltr'>Iuliana</span> 
     </span>
     <span class='ocr_line' id='line_1_9' title="bbox 456 1436 2514 1521; baseline 0.002 -25"><span class='ocrx_word' id='word_1_58' title='bbox 456 1436 588 1498; x_wconf 91' lang='lat' dir='ltr'>eius</span> <span class='ocrx_word' id='word_1_59' title='bbox 617 1459 773 1499; x_wconf 87' lang='lat' dir='ltr'>uxor</span> <span class='ocrx_word' id='word_1_60' title='bbox 803 1438 862 1498; x_wconf 91' lang='lat' dir='ltr'>in</span> <span class='ocrx_word' id='word_1_61' title='bbox 895 1440 1152 1519; x_wconf 89' lang='lat' dir='ltr'>patriam</span> <span class='ocrx_word' id='word_1_62' title='bbox 1182 1438 1345 1500; x_wconf 92' lang='lat' dir='ltr'>suam</span> <span class='ocrx_word' id='word_1_63' title='bbox 1374 1438 1587 1500; x_wconf 88' lang='lat' dir='ltr'>volens</span> <span class='ocrx_word' id='word_1_64' title='bbox 1618 1436 1838 1516; x_wconf 87' lang='lat' dir='ltr'>redire,</span> <span class='ocrx_word' id='word_1_65' title='bbox 1867 1452 2083 1518; x_wconf 89' lang='lat' dir='ltr'>utpote</span> <span class='ocrx_word' id='word_1_66' title='bbox 2115 1460 2251 1520; x_wconf 85' lang='lat' dir='ltr'>quae</span> <span class='ocrx_word' id='word_1_67' title='bbox 2280 1460 2315 1500; x_wconf 91' lang='lat' dir='ltr'>a</span> <span class='ocrx_word' id='word_1_68' title='bbox 2344 1440 2514 1521; x_wconf 91' lang='lat' dir='ltr'>prin-</span> 
     </span>
     <span class='ocr_line' id='line_1_10' title="bbox 455 1525 2513 1613; baseline 0.001 -27"><span class='ocrx_word' id='word_1_69' title='bbox 455 1525 697 1606; x_wconf 88' lang='lat' dir='ltr'>cipibus</span> <span class='ocrx_word' id='word_1_70' title='bbox 726 1526 1011 1588; x_wconf 87' lang='lat' dir='ltr'>iniuriam</span> <span class='ocrx_word' id='word_1_71' title='bbox 1035 1528 1395 1610; x_wconf 89' lang='lat' dir='ltr'>patiebatur,</span> <span class='ocrx_word' id='word_1_72' title='bbox 1424 1547 1648 1608; x_wconf 91' lang='lat' dir='ltr'>corpus</span> <span class='ocrx_word' id='word_1_73' title='bbox 1670 1526 1779 1587; x_wconf 89' lang='lat' dir='ltr'>viri</span> <span class='ocrx_word' id='word_1_74' title='bbox 1805 1525 2002 1587; x_wconf 91' lang='lat' dir='ltr'>voluit</span> <span class='ocrx_word' id='word_1_75' title='bbox 2031 1526 2283 1589; x_wconf 90' lang='lat' dir='ltr'>deferre.</span> <span class='ocrx_word' id='word_1_76' title='bbox 2318 1525 2513 1613; x_wconf 73' lang='lat' dir='ltr'>Quod</span> 
     </span>
     <span class='ocr_line' id='line_1_11' title="bbox 455 1613 2517 1698; baseline 0.001 -22"><span class='ocrx_word' id='word_1_77' title='bbox 455 1635 601 1676; x_wconf 89' lang='lat' dir='ltr'>cum</span> <span class='ocrx_word' id='word_1_78' title='bbox 635 1614 708 1675; x_wconf 90' lang='lat' dir='ltr'>ab</span> <span class='ocrx_word' id='word_1_79' title='bbox 737 1615 1024 1697; x_wconf 92' lang='lat' dir='ltr'>episcopo</span> <span class='ocrx_word' id='word_1_80' title='bbox 1054 1614 1262 1679; x_wconf 91' lang='lat' dir='ltr'>multis</span> <span class='ocrx_word' id='word_1_81' title='bbox 1292 1615 1571 1697; x_wconf 88' lang='lat' dir='ltr'>precibus</span> <span class='ocrx_word' id='word_1_82' title='bbox 1601 1613 1966 1696; x_wconf 78' lang='lat' dir='ltr'>postulasset,</span> <span class='ocrx_word' id='word_1_83' title='bbox 2014 1614 2332 1698; x_wconf 88' lang='lat' dir='ltr'>episcopus</span> <span class='ocrx_word' id='word_1_84' title='bbox 2363 1616 2517 1678; x_wconf 87' lang='lat' dir='ltr'>duos</span> 
     </span>
     <span class='ocr_line' id='line_1_12' title="bbox 457 1700 2519 1786; baseline 0.002 -23"><span class='ocrx_word' id='word_1_85' title='bbox 457 1700 699 1765; x_wconf 89' lang='lat' dir='ltr'>loculos</span> <span class='ocrx_word' id='word_1_86' title='bbox 730 1718 1046 1785; x_wconf 88' lang='lat' dir='ltr'>argenteos</span> <span class='ocrx_word' id='word_1_87' title='bbox 1070 1703 1326 1785; x_wconf 89' lang='lat' dir='ltr'>protulit</span> <span class='ocrx_word' id='word_1_88' title='bbox 1355 1703 1594 1766; x_wconf 89' lang='lat' dir='ltr'>dicens:</span> <span class='ocrx_word' id='word_1_89' title='bbox 1629 1728 1654 1760; x_wconf 86' lang='lat'><strong>‹</strong></span> <span class='ocrx_word' id='word_1_90' title='bbox 1685 1702 1836 1765; x_wconf 93' lang='lat' dir='ltr'>Non</span> <span class='ocrx_word' id='word_1_91' title='bbox 1868 1703 2036 1781; x_wconf 91' lang='lat' dir='ltr'>novi,</span> <span class='ocrx_word' id='word_1_92' title='bbox 2065 1704 2201 1786; x_wconf 91' lang='lat' dir='ltr'>quis</span> <span class='ocrx_word' id='word_1_93' title='bbox 2230 1702 2300 1766; x_wconf 91' lang='lat' dir='ltr'>fit</span> <span class='ocrx_word' id='word_1_94' title='bbox 2327 1726 2402 1766; x_wconf 87' lang='lat' dir='ltr'>ex</span> <span class='ocrx_word' id='word_1_95' title='bbox 2424 1705 2519 1767; x_wconf 82' lang='lat' dir='ltr'>his</span> 
     </span>
     <span class='ocr_line' id='line_1_13' title="bbox 461 1790 2519 1873; baseline 0.003 -24"><span class='ocrx_word' id='word_1_96' title='bbox 461 1817 490 1848; x_wconf 81' lang='lat'><strong>«</strong></span> <span class='ocrx_word' id='word_1_97' title='bbox 527 1790 745 1853; x_wconf 91' lang='lat' dir='ltr'>loculis</span> <span class='ocrx_word' id='word_1_98' title='bbox 773 1792 884 1853; x_wconf 87' lang='lat' dir='ltr'>viri</span> <span class='ocrx_word' id='word_1_99' title='bbox 914 1794 1020 1854; x_wconf 90' lang='lat' dir='ltr'>tui.</span> <span class='ocrx_word' id='word_1_100' title='bbox 1056 1817 1081 1849; x_wconf 81' lang='lat'><strong>›</strong></span> <span class='ocrx_word' id='word_1_101' title='bbox 1117 1791 1199 1854; x_wconf 89' lang='lat' dir='ltr'>Et</span> <span class='ocrx_word' id='word_1_102' title='bbox 1229 1792 1366 1854; x_wconf 89' lang='lat' dir='ltr'>illa:</span> <span class='ocrx_word' id='word_1_103' title='bbox 1402 1818 1426 1850; x_wconf 69' lang='grc' dir='ltr'><strong>α</strong></span> <span class='ocrx_word' id='word_1_104' title='bbox 1456 1790 1592 1873; x_wconf 89' lang='lat' dir='ltr'>Ego</span> <span class='ocrx_word' id='word_1_105' title='bbox 1614 1792 1756 1853; x_wconf 91' lang='lat' dir='ltr'>novi</span> <span class='ocrx_word' id='word_1_106' title='bbox 1795 1815 1822 1847; x_wconf 64' lang='lat'>2</span> <span class='ocrx_word' id='word_1_107' title='bbox 1842 1819 1860 1867; x_wconf 82' lang='lat'>3</span> <span class='ocrx_word' id='word_1_108' title='bbox 1884 1790 1943 1853; x_wconf 89' lang='lat'>&amp;</span> <span class='ocrx_word' id='word_1_109' title='bbox 1966 1792 2265 1873; x_wconf 90' lang='lat' dir='ltr'>impetum</span> <span class='ocrx_word' id='word_1_110' title='bbox 2295 1792 2519 1856; x_wconf 88' lang='lat' dir='ltr'>faciens</span> 
     </span>
     <span class='ocr_line' id='line_1_14' title="bbox 458 1878 2520 1963; baseline 0.002 -22"><span class='ocrx_word' id='word_1_111' title='bbox 458 1878 808 1962; x_wconf 87' lang='lat' dir='ltr'>amplexata</span> <span class='ocrx_word' id='word_1_112' title='bbox 850 1879 936 1941; x_wconf 92' lang='lat' dir='ltr'>est</span> <span class='ocrx_word' id='word_1_113' title='bbox 970 1901 1191 1963; x_wconf 88' lang='lat' dir='ltr'>corpus</span> <span class='ocrx_word' id='word_1_114' title='bbox 1235 1881 1415 1943; x_wconf 62' lang='lat' dir='ltr'>sanai</span> <span class='ocrx_word' id='word_1_115' title='bbox 1455 1880 1762 1962; x_wconf 88' lang='lat' dir='ltr'>Stephani.</span> <span class='ocrx_word' id='word_1_116' title='bbox 1814 1880 1912 1942; x_wconf 90' lang='lat' dir='ltr'>Sic</span> <span class='ocrx_word' id='word_1_117' title='bbox 1942 1901 2088 1963; x_wconf 86' lang='lat' dir='ltr'>ergo</span> <span class='ocrx_word' id='word_1_118' title='bbox 2119 1880 2267 1942; x_wconf 90' lang='lat' dir='ltr'>dum</span> <span class='ocrx_word' id='word_1_119' title='bbox 2295 1903 2520 1963; x_wconf 86' lang='lat' dir='ltr'>corpus</span> 
     </span>
     <span class='ocr_line' id='line_1_15' title="bbox 456 1967 2349 2051; baseline 0 -25"><span class='ocrx_word' id='word_1_120' title='bbox 456 1967 575 2028; x_wconf 87' lang='lat' dir='ltr'>viri</span> <span class='ocrx_word' id='word_1_121' title='bbox 607 1982 779 2048; x_wconf 90' lang='lat' dir='ltr'>putat</span> <span class='ocrx_word' id='word_1_122' title='bbox 807 1969 1101 2050; x_wconf 89' lang='lat' dir='ltr'>accipere,</span> <span class='ocrx_word' id='word_1_123' title='bbox 1143 1969 1274 2031; x_wconf 91' lang='lat' dir='ltr'>casu</span> <span class='ocrx_word' id='word_1_124' title='bbox 1306 1989 1530 2051; x_wconf 92' lang='lat' dir='ltr'>corpus</span> <span class='ocrx_word' id='word_1_125' title='bbox 1561 1968 2004 2050; x_wconf 88' lang='lat' dir='ltr'>protomartiris</span> <span class='ocrx_word' id='word_1_126' title='bbox 2033 1968 2287 2051; x_wconf 90' lang='lat' dir='ltr'>accepit.</span> <span class='ocrx_word' id='word_1_127' title='bbox 2324 1994 2349 2025; x_wconf 70' lang='lat'>2&gt;</span> 
     </span>
    </p>
   </div>
   <div class='ocr_carea' id='block_1_4' title="bbox 605 2089 2522 2164">
    <p class='ocr_par' dir='ltr' id='par_1_4' title="bbox 605 2089 2522 2164">
     <span class='ocr_line' id='line_1_16' title="bbox 605 2089 2522 2164; baseline 0.002 -21"><span class='ocrx_word' id='word_1_128' title='bbox 605 2092 727 2162; x_wconf 90' lang='lat' dir='ltr'>[Iac.</span> <span class='ocrx_word' id='word_1_129' title='bbox 745 2093 810 2145; x_wconf 84' lang='lat' dir='ltr'>de</span> <span class='ocrx_word' id='word_1_130' title='bbox 833 2093 1107 2163; x_wconf 86' lang='lat' dir='ltr'>Voragine,</span> <span class='ocrx_word' id='word_1_131' title='bbox 1119 2097 1347 2164; x_wconf 80' lang='lat' dir='ltr'>Legenda</span> <span class='ocrx_word' id='word_1_132' title='bbox 1363 2112 1544 2158; x_wconf 86' lang='lat' dir='ltr'>aurea,</span> <span class='ocrx_word' id='word_1_133' title='bbox 1567 2111 1609 2146; x_wconf 91' lang='lat' dir='ltr'>c.</span> <span class='ocrx_word' id='word_1_134' title='bbox 1637 2114 1657 2145; x_wconf 87' lang='lat'>1</span> <span class='ocrx_word' id='word_1_135' title='bbox 1671 2111 1730 2145; x_wconf 83' lang='lat'>12</span> <span class='ocrx_word' id='word_1_136' title='bbox 1752 2093 1858 2161; x_wconf 90' lang='lat' dir='ltr'>(ed.</span> <span class='ocrx_word' id='word_1_137' title='bbox 1882 2093 2090 2159; x_wconf 82' lang='lat' dir='ltr'>Graeffe,</span> <span class='ocrx_word' id='word_1_138' title='bbox 2112 2100 2264 2160; x_wconf 86' lang='lat'>1846,</span> <span class='ocrx_word' id='word_1_139' title='bbox 2284 2113 2334 2164; x_wconf 88' lang='lat' dir='ltr'>p.</span> <span class='ocrx_word' id='word_1_140' title='bbox 2352 2089 2522 2163; x_wconf 86' lang='lat'>463).]</span> 
     </span>
    </p>
   </div>
   <div class='ocr_carea' id='block_1_5' title="bbox 457 2207 2525 2598">
    <p class='ocr_par' dir='ltr' id='par_1_5' title="bbox 457 2207 2525 2598">
     <span class='ocr_line' id='line_1_17' title="bbox 535 2207 2525 2280; baseline 0.001 -19"><span class='ocrx_word' id='word_1_141' title='bbox 535 2207 641 2277; x_wconf 84' lang='lat' dir='ltr'>(Cf.</span> <span class='ocrx_word' id='word_1_142' title='bbox 679 2209 1013 2280; x_wconf 89' lang='lat' dir='ltr'>Anonymus‚</span> <span class='ocrx_word' id='word_1_143' title='bbox 1039 2210 1295 2280; x_wconf 82' lang='lat' dir='ltr'>Scriptura</span> <span class='ocrx_word' id='word_1_144' title='bbox 1318 2212 1380 2262; x_wconf 86' lang='lat' dir='ltr'>de</span> <span class='ocrx_word' id='word_1_145' title='bbox 1403 2208 1715 2278; x_wconf 70' lang='lat' dir='ltr'>translatione</span> <span class='ocrx_word' id='word_1_146' title='bbox 1723 2207 1899 2275; x_wconf 63' lang='lat' dir='ltr'>saneti</span> <span class='ocrx_word' id='word_1_147' title='bbox 1920 2209 2155 2276; x_wconf 83' lang='lat' dir='ltr'>Stephani</span> <span class='ocrx_word' id='word_1_148' title='bbox 2179 2212 2241 2260; x_wconf 85' lang='lat' dir='ltr'>de</span> <span class='ocrx_word' id='word_1_149' title='bbox 2258 2209 2525 2277; x_wconf 84' lang='lat' dir='ltr'>Ierusalem</span> 
     </span>
     <span class='ocr_line' id='line_1_18' title="bbox 457 2285 2523 2357; baseline 0.002 -22"><span class='ocrx_word' id='word_1_150' title='bbox 457 2285 515 2336; x_wconf 82' lang='lat' dir='ltr'>in</span> <span class='ocrx_word' id='word_1_151' title='bbox 538 2286 710 2355; x_wconf 76' lang='lat' dir='ltr'>urbern</span> <span class='ocrx_word' id='word_1_152' title='bbox 730 2288 1040 2357; x_wconf 66' lang='lat' dir='ltr'>Byzantium,</span> <span class='ocrx_word' id='word_1_153' title='bbox 1057 2292 1123 2346; x_wconf 91' lang='lat' dir='ltr'>ab</span> <span class='ocrx_word' id='word_1_154' title='bbox 1142 2290 1410 2342; x_wconf 78' lang='lat' dir='ltr'>Anastasio</span> <span class='ocrx_word' id='word_1_155' title='bbox 1432 2287 1828 2342; x_wconf 84' lang='lat' dir='ltr'>Bibliothecario</span> <span class='ocrx_word' id='word_1_156' title='bbox 1847 2307 1875 2339; x_wconf 83' lang='lat' dir='ltr'>e</span> <span class='ocrx_word' id='word_1_157' title='bbox 1894 2305 2067 2356; x_wconf 81' lang='lat' dir='ltr'>graeco</span> <span class='ocrx_word' id='word_1_158' title='bbox 2088 2286 2136 2338; x_wconf 89' lang='lat' dir='ltr'>in</span> <span class='ocrx_word' id='word_1_159' title='bbox 2159 2287 2364 2340; x_wconf 77' lang='lat' dir='ltr'>latinum</span> <span class='ocrx_word' id='word_1_160' title='bbox 2385 2290 2523 2341; x_wconf 84' lang='lat' dir='ltr'>versa</span> 
     </span>
     <span class='ocr_line' id='line_1_19' title="bbox 457 2367 2522 2439; baseline 0 -20"><span class='ocrx_word' id='word_1_161' title='bbox 457 2367 531 2430; x_wconf 91' lang='lat' dir='ltr'>(S.</span> <span class='ocrx_word' id='word_1_162' title='bbox 560 2368 895 2436; x_wconf 86' lang='lat' dir='ltr'>Augustinus,</span> <span class='ocrx_word' id='word_1_163' title='bbox 935 2374 1079 2439; x_wconf 63' lang='lat' dir='ltr'>opp„</span> <span class='ocrx_word' id='word_1_164' title='bbox 1106 2389 1185 2439; x_wconf 89' lang='lat' dir='ltr'>ap.</span> <span class='ocrx_word' id='word_1_165' title='bbox 1216 2369 1418 2438; x_wconf 85' lang='lat' dir='ltr'>Migne,</span> <span class='ocrx_word' id='word_1_166' title='bbox 1444 2370 1581 2421; x_wconf 87' lang='lat' dir='ltr'>Patr.</span> <span class='ocrx_word' id='word_1_167' title='bbox 1619 2367 1726 2432; x_wconf 65' lang='lat' dir='ltr'>lat„</span> <span class='ocrx_word' id='word_1_168' title='bbox 1752 2370 1890 2432; x_wconf 87' lang='lat' dir='ltr'>XLI,</span> <span class='ocrx_word' id='word_1_169' title='bbox 1915 2384 1960 2419; x_wconf 91' lang='lat' dir='ltr'>c.</span> <span class='ocrx_word' id='word_1_170' title='bbox 2002 2368 2162 2437; x_wconf 74' lang='lat'>817),</span> <span class='ocrx_word' id='word_1_171' title='bbox 2210 2368 2522 2436; x_wconf 86' lang='lat' dir='ltr'>Nicephorus</span> 
     </span>
     <span class='ocr_line' id='line_1_20' title="bbox 461 2448 2521 2520; baseline -0.001 -18"><span class='ocrx_word' id='word_1_172' title='bbox 461 2448 676 2514; x_wconf 85' lang='lat' dir='ltr'>Callist.,</span> <span class='ocrx_word' id='word_1_173' title='bbox 717 2450 837 2520; x_wconf 73' lang='lat' dir='ltr'>fflst.</span> <span class='ocrx_word' id='word_1_174' title='bbox 864 2452 1046 2518; x_wconf 67' lang='lat' dir='ltr'>eccles„</span> <span class='ocrx_word' id='word_1_175' title='bbox 1081 2454 1110 2505; x_wconf 91' lang='lat' dir='ltr'>l.</span> <span class='ocrx_word' id='word_1_176' title='bbox 1143 2454 1279 2517; x_wconf 87' lang='lat' dir='ltr'>XIV,</span> <span class='ocrx_word' id='word_1_177' title='bbox 1323 2470 1367 2505; x_wconf 93' lang='lat' dir='ltr'>c.</span> <span class='ocrx_word' id='word_1_178' title='bbox 1394 2470 1424 2518; x_wconf 90' lang='lat'><strong>9</strong></span> <span class='ocrx_word' id='word_1_179' title='bbox 1453 2452 1686 2520; x_wconf 87' lang='lat' dir='ltr'>(Migne,</span> <span class='ocrx_word' id='word_1_180' title='bbox 1727 2452 1860 2502; x_wconf 88' lang='lat' dir='ltr'>Patr.</span> <span class='ocrx_word' id='word_1_181' title='bbox 1880 2467 1989 2517; x_wconf 88' lang='lat' dir='ltr'>gr.,</span> <span class='ocrx_word' id='word_1_182' title='bbox 2014 2450 2245 2513; x_wconf 85' lang='lat' dir='ltr'><strong>CXLVI,</strong></span> <span class='ocrx_word' id='word_1_183' title='bbox 2285 2467 2327 2502; x_wconf 94' lang='lat' dir='ltr'>c.</span> <span class='ocrx_word' id='word_1_184' title='bbox 2363 2451 2521 2520; x_wconf 83' lang='lat'>1081)</span> 
     </span>
     <span class='ocr_line' id='line_1_21' title="bbox 460 2530 1020 2598; baseline 0.002 -18"><span class='ocrx_word' id='word_1_185' title='bbox 460 2530 511 2580; x_wconf 86' lang='lat'>&amp;</span> <span class='ocrx_word' id='word_1_186' title='bbox 536 2530 728 2581; x_wconf 82' lang='lat' dir='ltr'>Itinera</span> <span class='ocrx_word' id='word_1_187' title='bbox 741 2547 935 2598; x_wconf 84' lang='lat' dir='ltr'>graeca,</span> <span class='ocrx_word' id='word_1_188' title='bbox 958 2533 1020 2597; x_wconf 93' lang='grc' dir='ltr'>Ι.)</span> 
     </span>
    </p>
   </div>
   <div class='ocr_carea' id='block_1_6' title="bbox 194 2686 1445 2792">
    <p class='ocr_par' dir='ltr' id='par_1_6' title="bbox 194 2686 1445 2792">
     <span class='ocr_line' id='line_1_22' title="bbox 194 2686 1445 2792; baseline 0.014 -26"><span class='ocrx_word' id='word_1_189' title='bbox 194 2720 244 2767; x_wconf 91' lang='lat' dir='ltr'>c.</span> <span class='ocrx_word' id='word_1_190' title='bbox 276 2709 421 2792; x_wconf 83' lang='lat'>415</span> <span class='ocrx_word' id='word_1_191' title='bbox 462 2686 783 2777; x_wconf 87' lang='lat' dir='ltr'>Paulus</span> <span class='ocrx_word' id='word_1_192' title='bbox 829 2686 1224 2779; x_wconf 88' lang='lat' dir='ltr'>Orofius.</span> <span class='ocrx_word' id='word_1_193' title='bbox 1277 2715 1445 2783; x_wconf 79' lang='lat' dir='ltr'>(xxxi)</span> 
     </span>
    </p>
   </div>
   <div class='ocr_carea' id='block_1_7' title="bbox 453 2844 2536 4170">
    <p class='ocr_par' dir='ltr' id='par_1_7' title="bbox 453 2844 2531 3730">
     <span class='ocr_line' id='line_1_23' title="bbox 553 2844 2529 2933; baseline 0.002 -31"><span class='ocrx_word' id='word_1_194' title='bbox 553 2870 577 2902; x_wconf 69' lang='lat' dir='ltr'>e</span> <span class='ocrx_word' id='word_1_195' title='bbox 614 2844 676 2906; x_wconf 94' lang='lat' dir='ltr'><em>A</em></span> <span class='ocrx_word' id='word_1_196' title='bbox 695 2846 941 2930; x_wconf 88' lang='lat' dir='ltr'>flumine</span> <span class='ocrx_word' id='word_1_197' title='bbox 984 2846 1300 2930; x_wconf 88' lang='lat' dir='ltr'>Euphrate</span> <span class='ocrx_word' id='word_1_198' title='bbox 1356 2847 1503 2928; x_wconf 89' lang='lat' dir='ltr'>quod</span> <span class='ocrx_word' id='word_1_199' title='bbox 1545 2849 1622 2931; x_wconf 75' lang='lat' dir='ltr'>est</span> <span class='ocrx_word' id='word_1_200' title='bbox 1658 2848 1730 2910; x_wconf 90' lang='lat' dir='ltr'>ab</span> <span class='ocrx_word' id='word_1_201' title='bbox 1780 2848 2002 2924; x_wconf 90' lang='lat' dir='ltr'>oriente,</span> <span class='ocrx_word' id='word_1_202' title='bbox 2051 2845 2222 2933; x_wconf 90' lang='lat' dir='ltr'>usque</span> <span class='ocrx_word' id='word_1_203' title='bbox 2266 2844 2348 2906; x_wconf 88' lang='lat' dir='ltr'>ad</span> <span class='ocrx_word' id='word_1_204' title='bbox 2369 2868 2529 2907; x_wconf 91' lang='lat' dir='ltr'>mare</span> 
     </span>
     <span class='ocr_line' id='line_1_24' title="bbox 458 2933 2529 3022; baseline 0 -28"><span class='ocrx_word' id='word_1_205' title='bbox 458 2935 733 3018; x_wconf 79' lang='lat' dir='ltr'>nostrum,</span> <span class='ocrx_word' id='word_1_206' title='bbox 761 2937 910 3016; x_wconf 89' lang='lat' dir='ltr'>quod</span> <span class='ocrx_word' id='word_1_207' title='bbox 930 2937 1008 3019; x_wconf 75' lang='lat' dir='ltr'>est</span> <span class='ocrx_word' id='word_1_208' title='bbox 1033 2939 1105 2998; x_wconf 90' lang='lat' dir='ltr'>ab</span> <span class='ocrx_word' id='word_1_209' title='bbox 1135 2937 1350 3022; x_wconf 85' lang='lat' dir='ltr'>occasu,</span> <span class='ocrx_word' id='word_1_210' title='bbox 1389 2936 1580 2999; x_wconf 87' lang='lat' dir='ltr'>deinde</span> <span class='ocrx_word' id='word_1_211' title='bbox 1621 2961 1658 2998; x_wconf 92' lang='lat' dir='ltr'>a</span> <span class='ocrx_word' id='word_1_212' title='bbox 1690 2933 2086 3022; x_wconf 83' lang='lat' dir='ltr'>septentrione,</span> <span class='ocrx_word' id='word_1_213' title='bbox 2128 2933 2189 2995; x_wconf 85' lang='lat' dir='ltr'>id</span> <span class='ocrx_word' id='word_1_214' title='bbox 2215 2934 2290 3017; x_wconf 76' lang='lat' dir='ltr'>est</span> <span class='ocrx_word' id='word_1_215' title='bbox 2316 2956 2354 2994; x_wconf 90' lang='lat' dir='ltr'>a</span> <span class='ocrx_word' id='word_1_216' title='bbox 2383 2933 2529 2995; x_wconf 87' lang='lat' dir='ltr'>civi·</span> 
     </span>
     <span class='ocr_line' id='line_1_25' title="bbox 460 3020 2530 3108; baseline -0.001 -23"><span class='ocrx_word' id='word_1_217' title='bbox 460 3037 579 3085; x_wconf 90' lang='lat' dir='ltr'>tate</span> <span class='ocrx_word' id='word_1_218' title='bbox 609 3021 855 3101; x_wconf 90' lang='lat' dir='ltr'>Bacusa,</span> <span class='ocrx_word' id='word_1_219' title='bbox 905 3048 1030 3106; x_wconf 85' lang='lat' dir='ltr'>quae</span> <span class='ocrx_word' id='word_1_220' title='bbox 1068 3027 1127 3086; x_wconf 89' lang='lat' dir='ltr'>in</span> <span class='ocrx_word' id='word_1_221' title='bbox 1157 3024 1381 3108; x_wconf 87' lang='lat' dir='ltr'>confinio</span> <span class='ocrx_word' id='word_1_222' title='bbox 1412 3024 1829 3107; x_wconf 85' lang='lat' dir='ltr'>Cappadociae</span> <span class='ocrx_word' id='word_1_223' title='bbox 1856 3027 1923 3086; x_wconf 64' lang='lat'>&amp;5</span> <span class='ocrx_word' id='word_1_224' title='bbox 1954 3022 2266 3084; x_wconf 86' lang='lat' dir='ltr'>Armeniae</span> <span class='ocrx_word' id='word_1_225' title='bbox 2284 3020 2407 3106; x_wconf 88' lang='lat' dir='ltr'>stta</span> <span class='ocrx_word' id='word_1_226' title='bbox 2436 3023 2530 3105; x_wconf 77' lang='lat' dir='ltr'>est,</span> 
     </span>
     <span class='ocr_line' id='line_1_26' title="bbox 463 3108 2528 3201; baseline -0.001 -29"><span class='ocrx_word' id='word_1_227' title='bbox 463 3110 632 3173; x_wconf 88' lang='lat' dir='ltr'>haud</span> <span class='ocrx_word' id='word_1_228' title='bbox 646 3113 856 3195; x_wconf 89' lang='lat' dir='ltr'>procul</span> <span class='ocrx_word' id='word_1_229' title='bbox 875 3136 912 3173; x_wconf 92' lang='lat' dir='ltr'>a</span> <span class='ocrx_word' id='word_1_230' title='bbox 937 3113 1048 3174; x_wconf 87' lang='lat' dir='ltr'>loco</span> <span class='ocrx_word' id='word_1_231' title='bbox 1077 3114 1172 3174; x_wconf 90' lang='lat' dir='ltr'>ubi</span> <span class='ocrx_word' id='word_1_232' title='bbox 1197 3111 1542 3194; x_wconf 89' lang='lat' dir='ltr'>Euphrates</span> <span class='ocrx_word' id='word_1_233' title='bbox 1571 3113 1848 3201; x_wconf 86' lang='lat' dir='ltr'>nascitur,</span> <span class='ocrx_word' id='word_1_234' title='bbox 1880 3112 2049 3200; x_wconf 88' lang='lat' dir='ltr'>usque</span> <span class='ocrx_word' id='word_1_235' title='bbox 2079 3110 2162 3172; x_wconf 89' lang='lat' dir='ltr'>ad</span> <span class='ocrx_word' id='word_1_236' title='bbox 2185 3108 2528 3192; x_wconf 89' lang='lat' dir='ltr'>AEgyptum</span> 
     </span>
     <span class='ocr_line' id='line_1_27' title="bbox 460 3197 2529 3287; baseline -0.002 -24"><span class='ocrx_word' id='word_1_237' title='bbox 460 3203 534 3263; x_wconf 63' lang='grc' dir='ltr'>ἔθ’</span> <span class='ocrx_word' id='word_1_238' title='bbox 564 3213 864 3262; x_wconf 84' lang='lat' dir='ltr'>extremum</span> <span class='ocrx_word' id='word_1_239' title='bbox 888 3197 1082 3263; x_wconf 87' lang='lat' dir='ltr'>finum</span> <span class='ocrx_word' id='word_1_240' title='bbox 1106 3201 1462 3279; x_wconf 88' lang='lat' dir='ltr'>Arabicum,</span> <span class='ocrx_word' id='word_1_241' title='bbox 1491 3203 1587 3283; x_wconf 90' lang='lat' dir='ltr'>qui</span> <span class='ocrx_word' id='word_1_242' title='bbox 1612 3203 1686 3285; x_wconf 63' lang='grc' dir='ltr'>ψ’</span> <span class='ocrx_word' id='word_1_243' title='bbox 1706 3202 1790 3261; x_wconf 90' lang='lat' dir='ltr'>ad</span> <span class='ocrx_word' id='word_1_244' title='bbox 1812 3200 2112 3276; x_wconf 86' lang='lat' dir='ltr'>meridiem,</span> <span class='ocrx_word' id='word_1_245' title='bbox 2141 3199 2293 3279; x_wconf 90' lang='lat' dir='ltr'>longo</span> <span class='ocrx_word' id='word_1_246' title='bbox 2316 3199 2529 3287; x_wconf 88' lang='lat' dir='ltr'>angus-</span> 
     </span>
     <span class='ocr_line' id='line_1_28' title="bbox 465 3285 2531 3378; baseline 0 -30"><span class='ocrx_word' id='word_1_247' title='bbox 465 3301 625 3368; x_wconf 90' lang='lat' dir='ltr'>toque</span> <span class='ocrx_word' id='word_1_248' title='bbox 643 3285 813 3373; x_wconf 87' lang='lat' dir='ltr'>sulco</span> <span class='ocrx_word' id='word_1_249' title='bbox 830 3290 999 3378; x_wconf 83' lang='lat' dir='ltr'>saxis</span> <span class='ocrx_word' id='word_1_250' title='bbox 1032 3289 1331 3378; x_wconf 87' lang='lat' dir='ltr'>insulisque</span> <span class='ocrx_word' id='word_1_251' title='bbox 1359 3291 1713 3367; x_wconf 87' lang='lat' dir='ltr'>creberrimo,</span> <span class='ocrx_word' id='word_1_252' title='bbox 1750 3312 1788 3350; x_wconf 90' lang='lat' dir='ltr'>a</span> <span class='ocrx_word' id='word_1_253' title='bbox 1818 3287 2034 3350; x_wconf 89' lang='lat' dir='ltr'>Rubro</span> <span class='ocrx_word' id='word_1_254' title='bbox 2068 3287 2241 3364; x_wconf 86' lang='lat' dir='ltr'>mari,</span> <span class='ocrx_word' id='word_1_255' title='bbox 2267 3287 2333 3347; x_wconf 89' lang='lat' dir='ltr'>id</span> <span class='ocrx_word' id='word_1_256' title='bbox 2354 3290 2432 3369; x_wconf 77' lang='lat' dir='ltr'>est</span> <span class='ocrx_word' id='word_1_257' title='bbox 2458 3289 2531 3349; x_wconf 90' lang='lat' dir='ltr'>ab</span> 
     </span>
     <span class='ocr_line' id='line_1_29' title="bbox 467 3375 2530 3469; baseline -0.002 -28"><span class='ocrx_word' id='word_1_258' title='bbox 467 3376 737 3441; x_wconf 87' lang='lat' dir='ltr'>Oceano</span> <span class='ocrx_word' id='word_1_259' title='bbox 781 3379 1029 3467; x_wconf 87' lang='lat' dir='ltr'>occasum</span> <span class='ocrx_word' id='word_1_260' title='bbox 1074 3381 1296 3469; x_wconf 86' lang='lat' dir='ltr'>versus,</span> <span class='ocrx_word' id='word_1_261' title='bbox 1343 3380 1653 3441; x_wconf 83' lang='lat' dir='ltr'>extenditur</span> <span class='ocrx_word' id='word_1_262' title='bbox 1691 3378 1881 3462; x_wconf 90' lang='lat' dir='ltr'>Syria,</span> <span class='ocrx_word' id='word_1_263' title='bbox 1909 3399 2035 3458; x_wconf 85' lang='lat' dir='ltr'>quae</span> <span class='ocrx_word' id='word_1_264' title='bbox 2065 3376 2153 3462; x_wconf 89' lang='lat' dir='ltr'>stc</span> <span class='ocrx_word' id='word_1_265' title='bbox 2187 3375 2530 3458; x_wconf 83' lang='lat' dir='ltr'>generaliter</span> 
     </span>
     <span class='ocr_line' id='line_1_30' title="bbox 461 3462 2529 3551; baseline 0.001 -26"><span class='ocrx_word' id='word_1_266' title='bbox 461 3466 793 3528; x_wconf 87' lang='lat' dir='ltr'>nominatur</span> <span class='ocrx_word' id='word_1_267' title='bbox 834 3465 1100 3550; x_wconf 85' lang='lat' dir='ltr'>habetque</span> <span class='ocrx_word' id='word_1_268' title='bbox 1128 3468 1403 3530; x_wconf 81' lang='lat' dir='ltr'>maximas</span> <span class='ocrx_word' id='word_1_269' title='bbox 1431 3468 1762 3551; x_wconf 87' lang='lat' dir='ltr'>provincias</span> <span class='ocrx_word' id='word_1_270' title='bbox 1792 3467 2300 3548; x_wconf 86' lang='lat' dir='ltr'>Commagenam,</span> <span class='ocrx_word' id='word_1_271' title='bbox 2344 3462 2529 3527; x_wconf 88' lang='lat' dir='ltr'>Phoe-</span> 
     </span>
     <span class='ocr_line' id='line_1_31' title="bbox 464 3553 2531 3642; baseline -0.002 -26"><span class='ocrx_word' id='word_1_272' title='bbox 464 3554 697 3617; x_wconf 87' lang='lat' dir='ltr'>niciam</span> <span class='ocrx_word' id='word_1_273' title='bbox 726 3557 793 3616; x_wconf 66' lang='lat'>&amp;⁹</span> <span class='ocrx_word' id='word_1_274' title='bbox 833 3553 1228 3634; x_wconf 85' lang='lat' dir='ltr'>Palaestinam,</span> <span class='ocrx_word' id='word_1_275' title='bbox 1276 3554 1482 3642; x_wconf 86' lang='lat' dir='ltr'>absque</span> <span class='ocrx_word' id='word_1_276' title='bbox 1511 3555 1823 3617; x_wconf 86' lang='lat' dir='ltr'>Saracenis</span> <span class='ocrx_word' id='word_1_277' title='bbox 1855 3557 1922 3616; x_wconf 66' lang='lat'>&amp;⁹</span> <span class='ocrx_word' id='word_1_278' title='bbox 1951 3554 2265 3617; x_wconf 85' lang='lat' dir='ltr'>Nabataeis</span> <span class='ocrx_word' id='word_1_279' title='bbox 2296 3574 2531 3634; x_wconf 89' lang='lat' dir='ltr'>quorum</span> 
     </span>
     <span class='ocr_line' id='line_1_32' title="bbox 453 3641 2385 3730; baseline -0.001 -27"><span class='ocrx_word' id='word_1_280' title='bbox 453 3655 648 3725; x_wconf 89' lang='lat' dir='ltr'>gentes</span> <span class='ocrx_word' id='word_1_281' title='bbox 656 3642 804 3730; x_wconf 90' lang='lat' dir='ltr'>sunt</span> <span class='ocrx_word' id='word_1_282' title='bbox 837 3644 1130 3705; x_wconf 87' lang='lat' dir='ltr'>duodecim.</span> <span class='ocrx_word' id='word_1_283' title='bbox 1183 3643 1254 3704; x_wconf 90' lang='lat' dir='ltr'>In</span> <span class='ocrx_word' id='word_1_284' title='bbox 1283 3642 1458 3726; x_wconf 86' lang='lat' dir='ltr'>capite</span> <span class='ocrx_word' id='word_1_285' title='bbox 1488 3641 1670 3725; x_wconf 66' lang='lat' dir='ltr'>Syriae</span> <span class='ocrx_word' id='word_1_286' title='bbox 1701 3642 2099 3724; x_wconf 88' lang='lat' dir='ltr'>Cappadocia</span> <span class='ocrx_word' id='word_1_287' title='bbox 2126 3642 2204 3724; x_wconf 74' lang='lat' dir='ltr'>est</span> <span class='ocrx_word' id='word_1_288' title='bbox 2232 3687 2245 3702; x_wconf 97' lang='lat'>.</span> <span class='ocrx_word' id='word_1_289' title='bbox 2278 3687 2293 3703; x_wconf 90' lang='lat'>.</span> <span class='ocrx_word' id='word_1_290' title='bbox 2324 3686 2338 3701; x_wconf 99' lang='lat'>.</span> <span class='ocrx_word' id='word_1_291' title='bbox 2370 3686 2385 3702; x_wconf 90' lang='lat'>.</span> 
     </span>
    </p>

    <p class='ocr_par' dir='ltr' id='par_1_8' title="bbox 465 3727 2533 3910">
     <span class='ocr_line' id='line_1_33' title="bbox 556 3727 2533 3816; baseline 0.001 -28"><span class='ocrx_word' id='word_1_292' title='bbox 556 3758 580 3788; x_wconf 66' lang='grc' dir='ltr'><strong><em>ι</em></strong></span> <span class='ocrx_word' id='word_1_293' title='bbox 620 3731 926 3816; x_wconf 88' lang='lat' dir='ltr'>AEgyptus</span> <span class='ocrx_word' id='word_1_294' title='bbox 956 3732 1204 3794; x_wconf 88' lang='lat' dir='ltr'>inferior</span> <span class='ocrx_word' id='word_1_295' title='bbox 1253 3732 1324 3793; x_wconf 89' lang='lat' dir='ltr'>ab</span> <span class='ocrx_word' id='word_1_296' title='bbox 1354 3732 1555 3793; x_wconf 87' lang='lat' dir='ltr'>oriente</span> <span class='ocrx_word' id='word_1_297' title='bbox 1581 3729 1747 3792; x_wconf 88' lang='lat' dir='ltr'>habet</span> <span class='ocrx_word' id='word_1_298' title='bbox 1770 3729 2005 3813; x_wconf 87' lang='lat' dir='ltr'>Syriam</span> <span class='ocrx_word' id='word_1_299' title='bbox 2035 3727 2431 3807; x_wconf 87' lang='lat' dir='ltr'>Palaestinam,</span> <span class='ocrx_word' id='word_1_300' title='bbox 2461 3731 2533 3791; x_wconf 90' lang='lat' dir='ltr'>ab</span> 
     </span>
     <span class='ocr_line' id='line_1_34' title="bbox 465 3820 1634 3910; baseline -0.002 -27"><span class='ocrx_word' id='word_1_301' title='bbox 465 3821 666 3910; x_wconf 87' lang='lat' dir='ltr'>occasu</span> <span class='ocrx_word' id='word_1_302' title='bbox 696 3820 957 3904; x_wconf 90' lang='lat' dir='ltr'>Lybiam</span> <span class='ocrx_word' id='word_1_303' title='bbox 962 3865 1634 3882; x_wconf 91' lang='grc'><strong>........</strong></span> 
     </span>
    </p>

    <p class='ocr_par' dir='ltr' id='par_1_9' title="bbox 467 3903 2536 4170">
     <span class='ocr_line' id='line_1_35' title="bbox 559 3903 2536 3994; baseline 0.001 -28"><span class='ocrx_word' id='word_1_304' title='bbox 559 3936 583 3966; x_wconf 62' lang='lat' dir='ltr'>e</span> <span class='ocrx_word' id='word_1_305' title='bbox 625 3908 828 3994; x_wconf 89' lang='lat' dir='ltr'>Insula</span> <span class='ocrx_word' id='word_1_306' title='bbox 868 3909 1112 3991; x_wconf 91' lang='lat' dir='ltr'>Cypros</span> <span class='ocrx_word' id='word_1_307' title='bbox 1136 3911 1209 3971; x_wconf 89' lang='lat' dir='ltr'>ab</span> <span class='ocrx_word' id='word_1_308' title='bbox 1231 3909 1431 3971; x_wconf 90' lang='lat' dir='ltr'>oriente</span> <span class='ocrx_word' id='word_1_309' title='bbox 1463 3908 1613 3970; x_wconf 88' lang='lat' dir='ltr'>mari</span> <span class='ocrx_word' id='word_1_310' title='bbox 1656 3908 1830 3989; x_wconf 90' lang='lat' dir='ltr'>Syrio</span> <span class='ocrx_word' id='word_1_311' title='bbox 1869 3929 2025 3988; x_wconf 89' lang='lat' dir='ltr'>quem</span> <span class='ocrx_word' id='word_1_312' title='bbox 2061 3904 2299 3968; x_wconf 85' lang='lat' dir='ltr'>Issicum</span> <span class='ocrx_word' id='word_1_313' title='bbox 2342 3903 2536 3967; x_wconf 88' lang='lat' dir='ltr'>finum</span> 
     </span>
     <span class='ocr_line' id='line_1_36' title="bbox 467 3995 2536 4086; baseline -0.002 -23"><span class='ocrx_word' id='word_1_314' title='bbox 467 4012 699 4077; x_wconf 86' lang='lat' dir='ltr'>vocant,</span> <span class='ocrx_word' id='word_1_315' title='bbox 746 4000 818 4060; x_wconf 90' lang='lat' dir='ltr'>ab</span> <span class='ocrx_word' id='word_1_316' title='bbox 857 3999 1116 4060; x_wconf 86' lang='lat' dir='ltr'>occidente</span> <span class='ocrx_word' id='word_1_317' title='bbox 1152 3998 1303 4059; x_wconf 90' lang='lat' dir='ltr'>mari</span> <span class='ocrx_word' id='word_1_318' title='bbox 1347 3995 1766 4080; x_wconf 84' lang='lat' dir='ltr'>Pamphylico,</span> <span class='ocrx_word' id='word_1_319' title='bbox 1817 4021 1849 4058; x_wconf 88' lang='lat' dir='ltr'>a</span> <span class='ocrx_word' id='word_1_320' title='bbox 1872 3996 2248 4086; x_wconf 85' lang='lat' dir='ltr'>septentrione</span> <span class='ocrx_word' id='word_1_321' title='bbox 2287 3995 2536 4058; x_wconf 91' lang='lat' dir='ltr'>Aulone</span> 
     </span>
     <span class='ocr_line' id='line_1_37' title="bbox 469 4084 2278 4170; baseline -0.004 -18"><span class='ocrx_word' id='word_1_322' title='bbox 469 4087 729 4166; x_wconf 84' lang='lat' dir='ltr'>Cilicio,</span> <span class='ocrx_word' id='word_1_323' title='bbox 757 4112 794 4149; x_wconf 90' lang='lat' dir='ltr'>a</span> <span class='ocrx_word' id='word_1_324' title='bbox 821 4088 1047 4150; x_wconf 87' lang='lat' dir='ltr'>meridie</span> <span class='ocrx_word' id='word_1_325' title='bbox 1076 4086 1257 4170; x_wconf 84' lang='lat' dir='ltr'>Syriae</span> <span class='ocrx_word' id='word_1_326' title='bbox 1283 4090 1350 4150; x_wconf 80' lang='lat'><em>&amp;</em></span> <span class='ocrx_word' id='word_1_327' title='bbox 1381 4084 1703 4148; x_wconf 88' lang='lat' dir='ltr'>Phoenices</span> <span class='ocrx_word' id='word_1_328' title='bbox 1724 4085 1927 4168; x_wconf 87' lang='lat' dir='ltr'>pelago</span> <span class='ocrx_word' id='word_1_329' title='bbox 1954 4085 2215 4166; x_wconf 87' lang='lat' dir='ltr'>cingitur.</span> <span class='ocrx_word' id='word_1_330' title='bbox 2254 4108 2278 4138; x_wconf 83' lang='lat'><strong>›</strong></span> 
     </span>
    </p>
   </div>
   <div class='ocr_carea' id='block_1_8' title="bbox 471 4217 2539 4372">
    <p class='ocr_par' dir='ltr' id='par_1_10' title="bbox 471 4217 2539 4372">
     <span class='ocr_line' id='line_1_38' title="bbox 623 4217 2539 4292; baseline -0.003 -17"><span class='ocrx_word' id='word_1_331' title='bbox 623 4222 708 4292; x_wconf 90' lang='lat' dir='ltr'>[P.</span> <span class='ocrx_word' id='word_1_332' title='bbox 739 4223 959 4288; x_wconf 79' lang='lat' dir='ltr'>Orosius,</span> <span class='ocrx_word' id='word_1_333' title='bbox 986 4222 1219 4291; x_wconf 73' lang='lat' dir='ltr'>Historia,</span> <span class='ocrx_word' id='word_1_334' title='bbox 1245 4222 1279 4274; x_wconf 89' lang='lat'>1.</span> <span class='ocrx_word' id='word_1_335' title='bbox 1307 4225 1353 4287; x_wconf 87' lang='grc' dir='ltr'>Ι,</span> <span class='ocrx_word' id='word_1_336' title='bbox 1377 4238 1422 4274; x_wconf 91' lang='lat' dir='ltr'>c.</span> <span class='ocrx_word' id='word_1_337' title='bbox 1458 4241 1487 4273; x_wconf 87' lang='lat'>2</span> <span class='ocrx_word' id='word_1_338' title='bbox 1518 4219 1753 4290; x_wconf 86' lang='lat' dir='ltr'>(Migne,</span> <span class='ocrx_word' id='word_1_339' title='bbox 1778 4221 1921 4271; x_wconf 88' lang='lat' dir='ltr'>Patr.</span> <span class='ocrx_word' id='word_1_340' title='bbox 1950 4217 2059 4283; x_wconf 67' lang='lat' dir='ltr'>lat,</span> <span class='ocrx_word' id='word_1_341' title='bbox 2081 4221 2279 4285; x_wconf 88' lang='lat' dir='ltr'>XXXI,</span> <span class='ocrx_word' id='word_1_342' title='bbox 2313 4236 2387 4271; x_wconf 93' lang='lat' dir='ltr'>cc.</span> <span class='ocrx_word' id='word_1_343' title='bbox 2418 4224 2539 4284; x_wconf 84' lang='lat'>678,</span> 
     </span>
     <span class='ocr_line' id='line_1_39' title="bbox 471 4303 802 4372; baseline -0.003 -3"><span class='ocrx_word' id='word_1_344' title='bbox 471 4309 603 4370; x_wconf 77' lang='lat'>⁶⁷9,</span> <span class='ocrx_word' id='word_1_345' title='bbox 639 4303 802 4372; x_wconf 86' lang='lat'><strong>⁶94)·]</strong></span> 
     </span>
    </p>
   </div>
  </div>
 </body>
</html>
