3620 5680
1038 520 1132 596 68
1973 521 2185 622 (373)

1118 782 1142 815 ‹
1166 758 1280 820 Sed
1306 757 1406 820 illa
1430 758 1589 821 ultra
1604 759 1891 822 virtutem
1914 758 2321 822 tentationum
2345 760 2467 821 iam
2495 759 2858 839 confortata,
2880 759 2939 823 δι
2962 782 3102 824 cor-

1034 866 1224 926 porea
1269 846 1328 908 &
1357 848 1596 928 pietatis
1638 849 1885 910 vincula
1933 848 1992 910 &
2041 869 2279 925 navem,
2324 847 2562 910 cunEtis
2605 847 2915 927 flentibus,
2963 848 3103 913 laeta

1033 932 1227 1012 solvit,
1275 935 1737 1018 constanterque
1794 933 2105 1020 congressa
2151 935 2437 999 fluffibus
2487 937 2690 1014 mariS,
2737 958 2818 998 ne
2862 952 3101 1000 tantum

1034 1021 1231 1086 saeculi
1254 1023 1474 1086 fluctus
1498 1026 1787 1104 vinceret,
1809 1025 2148 1108 navigavit3
2174 1024 2232 1087 &
2255 1024 2426 1086 simul
2451 1023 2737 1087 saeculum
2765 1026 3102 1108 orbemque

1034 1126 1441 1191 commutans,
1509 1112 1724 1174 urbem
1788 1113 2161 1203 Hierusalem
2212 1112 2455 1194 spiritali
2520 1114 2712 1191 dono,
2773 1114 2835 1175 in
2902 1135 3022 1197 qua
3069 1136 3104 1177 a

1033 1220 1293 1280 corpore
1324 1203 1829 1285 peregrinaretur,
1870 1201 2073 1285 elegit,
2119 1200 2283 1263 exsul
2327 1202 2557 1263 civium
2600 1200 2659 1262 δε
2688 1202 2840 1264 civis
2889 1202 3103 1265 effeEia

1036 1287 1379 1350 sancitorum
1382 1336 1581 1352 .....

1119 1446 1143 1477 ‹
1175 1420 1353 1481 Hanc
1386 1420 1777 1504 [Melaniam]
1812 1442 1958 1503 ergo
1987 1419 2111 1483 filia
2139 1421 2284 1482 Sion
2314 1419 2607 1483 hactenus
2635 1420 2848 1484 habuit
2870 1421 2930 1484 δι
2954 1422 3103 1485 defi-

1035 1509 1221 1586 derat,
1248 1531 1411 1571 nunc
1439 1508 1564 1571 filia
1592 1509 1925 1593 Babylonis
1961 1508 2207 1591 [Roma]
2249 1508 2430 1570 habet
2458 1508 2516 1571 &
2545 1510 2872 1572 admiratur
2900 1557 3103 1573 .....

1035 1644 1276 1660 ......
1322 1620 1673 1681 quanquam
1714 1597 1821 1660 illa
1866 1597 2087 1681 quietis
2127 1597 2187 1660 &
2226 1595 2474 1659 latebrae
2520 1597 2638 1661 suae
2680 1600 2839 1680 apud
2870 1600 3102 1663 Hieru-

1027 1688 1208 1773 salem
1251 1688 1311 1748 in
1352 1687 1650 1749 Romanis
1696 1689 1884 1750 modo
1932 1687 2119 1749 turbis
2162 1685 2435 1762 aestuanS,
2492 1684 2746 1748 clamat:
2797 1687 2938 1749 Heu
2970 1689 3100 1751 me!

1034 1776 1200 1857 quod
1232 1774 1532 1838 incolatus
1562 1792 1734 1838 meus
1766 1775 2166 1859 prolongatus
2197 1775 2296 1837 est.
2335 1799 2360 1831 ›

1177 1904 1249 1967 [S.
1276 1902 1512 1953 Paulinus
1539 1901 1673 1967 Nol„
1716 1902 1921 1971 Epistola
1955 1904 2152 1967 XXIX,
2171 1923 2176 1930 ·
2198 1905 2272 1954 ad
2295 1904 2541 1954 Severum
2569 1901 2795 1970 (Migne,
2824 1904 2962 1956 Patr.
2992 1903 3107 1970 lat„

1036 1983 1173 2045 LXl,
1200 1998 1276 2033 cc.
1303 1998 1419 2046 315,
1451 1999 1569 2046 319,
1594 1982 1760 2051 321).]

1118 2124 1142 2154 ‹<
1177 2098 1384 2160 Testis
1408 2099 1498 2160 est
1525 2113 1729 2161 autem
1763 2099 2099 2177 DominuS,
2143 2102 2309 2184 quod
2340 2101 2380 2163 fi
2424 2101 2521 2163 vel
2565 2100 2910 2185 scrypulum
2959 2100 3133 2162 sacri·

1035 2187 1254 2249 cineris
1276 2185 1703 2266 habuiffemuS,
1732 2188 1908 2270 supra
1931 2209 2116 2271 quam
2141 2188 2317 2252 nobis
2340 2190 2412 2249 ad
2438 2187 2764 2267 basilicam,
2793 2211 2932 2271 quae
2962 2208 3103 2270 pro-

1034 2277 1198 2338 xime
1229 2276 1290 2336 in
1321 2277 1571 2338 nomine
1604 2276 1866 2339 Domini
1898 2277 2440 2356 consummabitur,
2469 2278 2872 2340 dedicandam
2900 2276 3105 2339 neces-

1034 2362 1251 2426 sarium
1295 2381 1444 2443 erat,
1488 2363 1839 2430 mififfemus
1885 2368 2269 2429 unanimitati
2300 2383 2459 2443 tuae3
2512 2367 2606 2429 sed
2650 2368 2794 2449 quia
2834 2388 2948 2429 nos
2978 2388 3103 2428 non

1033 2450 1358 2514 habuimus
1408 2453 1587 2514 huius
1634 2456 1901 2516 muneris
1951 2456 2215 2536 copiam,
2266 2455 2324 2518 δι
2371 2453 2471 2516 ille
2521 2454 2576 2516 se
2621 2455 2786 2536 spem
2837 2454 3103 2517 eiusdem

1033 2540 1238 2619 gratiae
1259 2540 1570 2622 copiosam
1589 2541 1810 2603 habere
1842 2544 1996 2604 dixit
2023 2564 2057 2604 a
2087 2542 2285 2605 saneta
2309 2542 2512 2622 Silvia,
2550 2566 2688 2627 quae
2716 2543 2805 2606 illi
2836 2544 2912 2604 de
2944 2540 3105 2602 mul-

1036 2642 1237 2689 torum
1260 2650 1335 2690 ex
1361 2630 1623 2693 Oriente
1646 2647 1976 2713 martyrum
2003 2629 2275 2712 reliquiis
2305 2629 2736 2713 spopondisset,
2760 2631 3104 2694 invenimus

1035 2718 1200 2798 quod
1251 2717 1433 2800 digne
1464 2717 1523 2779 &
1563 2717 1635 2779 ad
1667 2718 1922 2781 bafilicae
1954 2717 2491 2781 sanctificationem
2523 2722 2698 2783 vobis
2745 2721 2804 2783 δι
2832 2719 2905 2782 ad
2937 2719 3104 2781 sanc-

1035 2821 1240 2869 torum
1276 2807 1555 2869 cinerum
1588 2807 2023 2871 cumulandam
2047 2808 2540 2873 benedistionem
2564 2811 2944 2873 mitteremus
2968 2827 3105 2889 par-

1037 2912 1159 2958 tem
1192 2896 1502 2977 particulae
1545 2897 1620 2958 de
1649 2897 1818 2979 ligno
1863 2898 2086 2959 divinae
2118 2898 2356 2962 Crucis,
2410 2896 2606 2985 Quod
2651 2898 2830 2960 nobis
2872 2898 3104 2958 bonum

1036 2983 1357 3046 benedicta
1397 2984 1710 3046 Melanius
1753 2984 1829 3045 ab
1859 2984 2232 3074 Hierusalem
2272 3006 2526 3046 munere
2556 2986 2741 3048 sancti
2772 2986 2915 3047 inde
2946 2982 3101 3065 epis-

1034 3074 1175 3155 copi
1206 3071 1497 3136 Iohannis
1527 3071 1746 3134 attulit.
1777 3097 1802 3129 2

1177 3200 1510 3265 [SsPaulinus
1529 3200 1663 3264 Nol„
1695 3199 1901 3268 Epistola
1932 3203 2129 3266 XXXI,
2153 3203 2228 3253 ad
2256 3203 2503 3253 Severum
2539 3199 2775 3269 (Migne,
2801 3163 2955 3251 ‘Patra
2995 3197 3105 3263 lat„

1035 3282 1171 3349 LXI,
1202 3298 1245 3332 e.
1277 3281 1441 3348 325)·]

1118 3443 1143 3474 «
1179 3416 1262 3478 Et
1282 3417 1468 3499 ipsam
1500 3415 1961 3478 adnotationem
1987 3438 2172 3500 quam
2194 3418 2652 3497 commonitorij
2687 3418 2821 3478 vice
2855 3417 3093 3479 miseras

1033 3506 1246 3569 litteris
1277 3508 1427 3568 meis
1457 3506 1732 3584 inditam,
1762 3506 1952 3567 direxi
1982 3507 2056 3568 ad
2088 3506 2382 3569 Rufinum
2414 3506 2849 3588 presbyterum,
2884 3506 3102 3568 sanEtae

1038 3595 1278 3660 Melani
1310 3597 1372 3656 in
1403 3595 1498 3656 via
1526 3595 1840 3659 comitem.
1878 3620 1902 3651 ›

1178 3725 1246 3788 [S.
1272 3720 1507 3773 Paulinus
1527 3722 1667 3786 Nol„
1692 3722 1899 3790 Epistola
1920 3723 2159 3788 XXVIII,
2181 3725 2254 3774 ad
2271 3725 2514 3773 Severum
2543 3721 2776 3790 (Migne,
2813 3720 2953 3772 Patr.
2984 3718 3100 3784 lau,

1037 3802 1177 3867 LXI,
1207 3819 1254 3856 c.
1285 3820 1342 3867 3¹
1358 3802 1449 3870 1).]

1121 3949 1145 3982 ‹
1181 3921 1470 3985 Inferiore
1512 3937 1716 3983 autem
1746 3922 1948 3983 balteo
1982 3921 2063 4003 [in
2090 3920 2327 3982 basilica
2349 3918 2647 4001 Nolana],
2688 3941 2813 4001 quo
2845 3919 3096 4000 parietis

1037 4013 1096 4075 δε
1124 4033 1377 4075 camerae
1405 4010 1741 4073 confinium
1763 4006 2112 4092 interpofita
2137 4007 2323 4091 gypso
2353 4008 2605 4089 crepido
2637 4008 2959 4089 coniungit
2993 4023 3099 4070 aut

1037 4101 1273 4179 dividit,
1286 4101 1385 4162 hic
1405 4099 1614 4162 titulus
1638 4099 1866 4161 indicat
1887 4096 2158 4180 depofita
2178 4096 2283 4158 sub
2306 4096 2474 4159 altari
2498 4096 2700 4159 sancta
2723 4096 3098 4159 sanctorum:

1223 4209 1345 4270 Hic
1377 4209 1586 4289 pietas,
1614 4208 1714 4269 hic
1744 4206 1904 4268 alma
1930 4205 2098 4284 fides,
2127 4205 2226 4266 hic
2254 4203 2451 4287 gloria
2480 4202 2732 4282 Christi,

1303 4296 1424 4358 Hic
1454 4296 1539 4357 est
1566 4295 1925 4379 martyribus
1953 4314 2099 4356 crux
2130 4293 2351 4355 sociata
2380 4293 2515 4370 suis,
