3620 5680
1064 564 1087 611 1
1109 560 1197 636 54
1973 542 2184 636 (439)

1051 796 1100 846 p.
1131 779 1285 846 5‚85);
1328 777 1527 830 Simeon
1574 778 1961 846 Metaphrastes,
2003 776 2118 829 Vita
2142 775 2195 844 s
2227 776 2478 837 Melaniae,
2524 794 2566 829 c.
2604 794 2660 841 3¹
2698 777 2932 845 (Migne,
2964 778 3105 829 Patr.

1040 874 1154 925 gr„
1191 859 1378 922 CXVI,
1431 875 1474 910 c.
1513 858 1678 924 788),
1727 857 1941 927 GlycaS,
1983 857 2215 922 Annales,
2254 874 2367 925 pars
2395 859 2464 908 IV
2511 858 2608 924 (ed.
2642 859 2832 920 Bonn.‚
2873 875 2921 925 p.
2954 858 3107 923 484),

1049 941 1296 1002 Zonaras,
1336 937 1552 990 Annales
1591 937 1698 1005 (ed.
1730 940 1797 989 H.
1827 936 2065 1001 ValefiuS,
2106 936 2271 999 Bafil.,
2307 948 2345 987 t.
2389 938 2478 1000 111,
2519 954 2566 1005 p.
2602 936 2727 1005 37),
2774 935 3111 1004 Ephraemius,

1048 1019 1402 1085 Imperatorum
1434 1015 1918 1083 &patriarcharum
1942 1014 2183 1083 recensus,
2214 1033 2262 1067 v.
2299 1034 2525 1082 715-720
2554 1015 2661 1083 (ed.
2695 1019 2887 1081 Bonn.‚
2912 1034 2960 1084 p.
2992 1019 3108 1082 38),

1049 1096 1361 1165 Nicephorus
1389 1096 1637 1161 Callistus,
1667 1094 1788 1163 Hist.
1820 1095 2006 1163 eccles„
2030 1094 2061 1148 l.
2089 1098 2229 1159 XIV,
2255 1112 2329 1147 cc.
2360 1113 2444 1160 23,
2474 1114 2537 1161 50
2567 1096 2795 1166 (Migne,
2838 1098 2975 1148 Patr.
2997 1114 3110 1164 gr„

1006 1252 1011 1263 Ι
1049 1177 1289 1240 CXLVI,
1316 1193 1389 1229 cc.
1421 1194 1573 1242 1129,
1604 1179 1757 1241 1233)
1782 1177 1830 1227 &
1855 1175 2044 1228 Itinera
2061 1193 2253 1243 graeca,
2277 1175 2352 1244 1.)

876 1333 1021 1412 439
1050 1307 1322 1379 *lUDAEI
1342 1308 1803 1394 CRETENSES,
1835 1309 2317 1401 Hierosolymam
2331 1311 2491 1399 pede
2510 1315 2667 1401 sicco
2696 1335 2958 1378 remeare
2980 1335 3109 1378 ten-

1046 1440 1258 1487 tantes.
1314 1428 1366 1497 (1
1380 1430 1469 1495 87)

1133 1553 1158 1585 e
1195 1529 1337 1591 Hoc
1367 1530 1550 1591 etiam
1581 1544 1881 1610 tempore,
1931 1524 2207 1588 diabolus
2236 1527 2300 1586 in
2329 1524 2525 1607 specie
2556 1522 2763 1607 Moysi
2793 1524 3015 1590 ludaeis
3044 1529 3106 1590 in

1048 1615 1222 1680 Creta
1273 1637 1584 1700 apparens,
1634 1618 1780 1678 dum
1831 1636 1937 1678 eos
1989 1637 2097 1696 per
2147 1636 2313 1676 mare
2364 1613 2518 1695 pede
2561 1610 2718 1676 sicco
2769 1616 2842 1676 ad
2888 1631 3109 1678 terram

1048 1705 1518 1788 repromissionis
1550 1704 1856 1788 promittit
1898 1703 2255 1785 perducere,
2286 1703 2563 1785 plurimis
2586 1705 2837 1782 necatis,
2867 1704 3108 1787 reliqui,

1047 1794 1150 1875 qui
1183 1793 1382 1856 salvati
1416 1793 1567 1873 sunt,
1593 1792 1912 1855 confestim
1946 1794 2017 1853 ad
2052 1790 2275 1856 Christi
2305 1792 2562 1874 gratiam
2591 1808 3048 1856 convertuntur.
3077 1819 3102 1851 >›

1186 1901 1420 1971 [Isidorus
1452 1902 1659 1971 Hispal„
1686 1902 1969 1966 Chronicon,
2013 1918 2056 1953 c.
2090 1918 2185 1966 ¹09
2233 1899 2465 1969 (Migne‚
2510 1901 2646 1952 Patr.
2672 1898 2779 1964 lat„
2809 1903 3104 1969 LXXXIII,

1044 1999 1088 2034 c.
1122 1982 1325 2052 1052).]

1129 2121 1153 2153 ‹
1192 2095 1376 2160 Circa
1416 2096 1630 2157 eadem
1676 2110 1953 2176 tempora
2001 2092 2177 2155 multi
2220 2091 2568 2155 ludaeorum
2613 2093 2673 2155 in
2705 2093 2879 2156 Creta
2923 2094 3109 2156 chris-

1045 2185 1189 2246 tiani
1209 2184 1342 2246 sunt
1365 2184 1508 2246 faeti
1525 2198 1776 2266 propter
1796 2184 1976 2245 huius
1999 2182 2167 2244 modi
2194 2182 2538 2264 passionem.
2563 2180 2841 2268 Quidam
2864 2181 3107 2247 Iudaeus

1043 2272 1219 2335 finxit
1274 2271 1656 2354 semetipsum
1722 2268 1837 2333 effe
1904 2270 2165 2354 Moysen
2219 2269 2278 2332 δι
2328 2269 2562 2333 caelitus
2626 2270 2991 2338 destinatum
3040 2288 3110 2335 ut

1044 2358 1285 2423 Iudaeos
1327 2360 1494 2422 illam
1523 2359 1780 2422 insulam
1817 2359 2158 2422 habitantes
2188 2380 2295 2439 per
2326 2380 2493 2421 mare
2523 2359 2875 2439 deduceret,
2914 2360 3109 2443 ipsum

1046 2449 1101 2511 se
1130 2446 1246 2511 effe
1285 2450 1493 2512 dicens
1540 2450 1644 2532 qui
1690 2448 1841 2510 olim
1881 2447 2040 2511 filios
2078 2444 2259 2509 Israel
2300 2469 2408 2529 per
2436 2447 2706 2510 Rubrum
2734 2472 2896 2512 mare
2924 2449 3111 2512 salva-

1045 2553 1230 2600 verat.
1282 2537 1599 2601 Circuibat
1641 2538 1846 2620 itaque
1889 2552 2021 2600 toto
2064 2557 2224 2597 anno
2267 2557 2764 2620 unamquamque
2814 2537 2975 2600 illius
3013 2539 3109 2599 in-

1043 2623 1183 2687 sulae
1220 2625 1530 2688 civitatem
1559 2624 1966 2708 suadebatque
1993 2622 2215 2687 Iudaeis
2261 2640 2327 2687 ut
2368 2624 2707 2703 crederent,
2755 2646 3012 2687 monens
3041 2639 3111 2687 ut

1043 2735 1256 2776 omnes
1287 2714 1575 2796 pecunias
1605 2729 1787 2797 atque
1819 2711 2199 2795 poffefliones
2227 2712 2661 2795 relinquerent,
2709 2735 2851 2775 cum
2894 2714 3109 2795 utique

1045 2802 1288 2865 deducti
1331 2822 1437 2885 per
1475 2799 1701 2865 siccum
1741 2822 1908 2864 mare
1946 2802 2019 2864 ad
2060 2800 2535 2884 repromissionis
2578 2802 2799 2885 gaudia
2828 2802 3109 2885 perveni-

1041 2906 1192 2952 rent.
1238 2891 1326 2953 At
1355 2889 1442 2952 illi
1473 2892 1587 2953 hac
1615 2890 1714 2972 spe
1743 2888 1907 2971 capti
1940 2910 2124 2951 omne
2153 2911 2309 2971 opus
2340 2891 2657 2973 proprium
2685 2889 3109 2974 neglegebant,

1041 2994 1509 3042 contemnentes
1550 2978 1733 3041 etiam
1766 2976 2148 3060 poffessiones
2190 2976 2316 3040 suas
2346 2979 2407 3041 &
2436 2979 2811 3042 dimittentes
2842 3001 2941 3042 eas
2971 2979 3108 3062 qui-

1041 3067 1413 3150 buscumque
1459 3066 1742 3149 personis.
1794 3066 2083 3149 Cumque
2129 3065 2378 3129 venisset
2430 3068 2558 3131 dies
2608 3089 2793 3151 quam
2840 3066 3110 3150 designa-

1048 3170 1218 3218 verat
1238 3155 1518 3218 seducit&
1545 3154 1648 3217 ille
1670 3152 1933 3233 Iudaeus,
1960 3176 2036 3216 eo
2060 3155 2441 3237 praecedente
2469 3155 2871 3238 sequebantur
2894 3176 3109 3218 omnes

1046 3265 1189 3306 cum
1218 3244 1584 3327 coniugibus
1607 3243 1666 3306 δι
1690 3244 1888 3324 parvis
1918 3243 2215 3322 aetatibus,
2252 3243 2626 3328 deduxitque
2655 3267 2761 3308 eos
2802 3245 2874 3307 ad
2915 3264 3108 3328 quan-

1045 3332 1186 3393 dam
1230 3352 1445 3413 rupem
1490 3333 1786 3394 declivius
1839 3332 2295 3394 incumbentem
2358 3332 2635 3415 iuflitque
2684 3348 2752 3395 ut
2792 3353 3106 3395 comarum

1044 3419 1345 3482 schemate
1377 3419 1721 3504 semetipsos
1764 3419 2169 3482 involverent.
2211 3419 2353 3481 Hoc
2376 3442 2525 3502 ergo
2547 3421 2849 3487 faciebant
2877 3422 3108 3503 priores

1043 3507 1103 3570 δι
1122 3529 1265 3570 cum
1289 3509 1565 3571 venirent
1592 3508 1665 3572 ad
1689 3529 1890 3590 rupes,
1918 3522 2175 3591 repente.
2196 3508 2616 3571 moriebantur
2646 3525 2769 3570 tam
2800 3509 3114 3585 dilacerati¹

1044 3597 1237 3659 acutis
1262 3597 1516 3677 rupibus
1556 3617 1742 3680 quam
1773 3597 1835 3659 in
1866 3618 2023 3680 aqua
2049 3597 2267 3660 necati.
2299 3595 2441 3659 Plus
2471 3613 2675 3659 tamen
2704 3596 2859 3660 mori
2890 3613 3109 3680 potue-

1046 3700 1190 3746 runt
1216 3682 1348 3764 nisi,
1390 3684 1535 3748 Deo
1567 3686 1950 3767 providente,
1979 3685 2226 3768 quidam
2258 3685 2368 3746 viri
2402 3684 2703 3747 christiani
2737 3685 3106 3769 supervenis-

1045 3773 1171 3835 sent
1202 3771 1529 3855 piscatores
1573 3789 1756 3856 atque
1799 3774 2228 3855 negotiatoreS,
2258 3773 2362 3855 qui
2392 3772 2543 3836 alios
2573 3796 2717 3836 cum
2744 3789 3107 3839 necarentur

1043 3860 1367 3942 eripientes
1383 3877 1833 3941 recreaverunt,
1852 3878 1983 3924 tum
2000 3861 2229 3924 malum
2247 3883 2463 3924 eorum
2480 3861 2746 3925 stultitiae
2766 3862 3109 3941 sentienteS,

1042 3948 1196 4012 alios
1225 3970 1302 4010 ne
1342 3949 1688 4032 semetipsos
1717 3951 1880 4013 iaetu
1909 3949 2324 4013 interficerent
2368 3966 2712 4029 tenuerunt,
2760 3954 3107 4014 nuntiantes

1043 4058 1260 4099 eorum
1291 4053 1554 4101 mortem
1582 4039 1687 4121 qui
1712 4040 1913 4121 primo
1944 4039 2311 4102 ceciderant.
2344 4036 2478 4125 Qui
2503 4037 2685 4101 etiam
2714 4038 3106 4122 agnoscentes

1043 4125 1458 4187 seduEtionem
1526 4125 1857 4208 culpabant
1916 4126 1971 4189 se
2020 4148 2097 4188 eo
2146 4128 2312 4210 quod
2373 4125 2547 4188 facile
2598 4126 2654 4189 ei
2703 4123 3105 4189 credidissent.

1044 4213 1334 4296 Cumque
1362 4212 1687 4277 voluissent
1730 4214 1903 4277 illum
1935 4215 2233 4298 perimere
2258 4214 2661 4293 sedffiorem,
2701 4215 3107 4297 comprehen-

1043 4303 1187 4364 dere
1216 4303 1644 4385 nequiverunt,
1685 4318 1936 4386 repente
1978 4324 2243 4386 namque
2282 4302 2567 4385 disparuit
2598 4303 2889 4385 deditque
2917 4301 3103 4385 suspi-
