<?xml version="1.0" encoding="UTF-8"?>
<!DOCTYPE html PUBLIC "-//W3C//DTD XHTML 1.0 Transitional//EN"
    "http://www.w3.org/TR/xhtml1/DTD/xhtml1-transitional.dtd">
<html xmlns="http://www.w3.org/1999/xhtml" xml:lang="en" lang="en">
 <head>
  <title>
</title>
<meta http-equiv="Content-Type" content="text/html;charset=utf-8" />
  <meta name='ocr-system' content='tesseract 3.04.00' />
  <meta name='ocr-capabilities' content='ocr_page ocr_carea ocr_par ocr_line ocrx_word'/>
</head>
<body>
  <div class='ocr_page' id='page_1' title='image "./itinerahierosol00hiergoog_0110.png"; bbox 0 0 3620 5680; ppageno 0'>
   <div class='ocr_carea' id='block_1_1' title="bbox 1068 501 2192 596">
    <p class='ocr_par' dir='ltr' id='par_1_1' title="bbox 1068 501 2192 596">
     <span class='ocr_line' id='line_1_1' title="bbox 1068 501 2192 596; baseline -0.001 -24"><span class='ocrx_word' id='word_1_1' title='bbox 1068 522 1200 572; x_wconf 89' lang='lat'>102</span> <span class='ocrx_word' id='word_1_2' title='bbox 1981 501 2192 596; x_wconf 82' lang='lat'>(400)</span> 
     </span>
    </p>
   </div>
   <div class='ocr_carea' id='block_1_2' title="bbox 1215 733 2796 902">
    <p class='ocr_par' dir='ltr' id='par_1_2' title="bbox 1215 733 2796 902">
     <span class='ocr_line' id='line_1_2' title="bbox 1218 733 2796 813; baseline -0.001 -15"><span class='ocrx_word' id='word_1_3' title='bbox 1218 735 1313 798; x_wconf 94' lang='lat' dir='ltr'>Le</span> <span class='ocrx_word' id='word_1_4' title='bbox 1341 734 1449 813; x_wconf 89' lang='lat' dir='ltr'>liu,</span> <span class='ocrx_word' id='word_1_5' title='bbox 1479 733 1668 796; x_wconf 91' lang='lat' dir='ltr'>l’estre</span> <span class='ocrx_word' id='word_1_6' title='bbox 1696 734 1756 797; x_wconf 74' lang='grc' dir='ltr'>δε</span> <span class='ocrx_word' id='word_1_7' title='bbox 1784 733 1843 796; x_wconf 99' lang='grc'>13</span> <span class='ocrx_word' id='word_1_8' title='bbox 1870 749 2030 796; x_wconf 92' lang='lat' dir='ltr'>terre</span> <span class='ocrx_word' id='word_1_9' title='bbox 2059 735 2465 797; x_wconf 92' lang='lat' dir='ltr'>commenche</span> <span class='ocrx_word' id='word_1_10' title='bbox 2496 756 2530 796; x_wconf 89' lang='lat' dir='ltr'>a</span> <span class='ocrx_word' id='word_1_11' title='bbox 2563 734 2796 813; x_wconf 88' lang='lat' dir='ltr'>raviser,</span> 
     </span>
     <span class='ocr_line' id='line_1_3' title="bbox 1215 820 2666 902; baseline -0.005 -15"><span class='ocrx_word' id='word_1_12' title='bbox 1215 824 1328 887; x_wconf 94' lang='lat' dir='ltr'>Vit</span> <span class='ocrx_word' id='word_1_13' title='bbox 1356 823 1413 885; x_wconf 96' lang='grc'>13</span> <span class='ocrx_word' id='word_1_14' title='bbox 1441 839 1597 886; x_wconf 91' lang='lat' dir='ltr'>terre</span> <span class='ocrx_word' id='word_1_15' title='bbox 1627 823 1702 885; x_wconf 94' lang='lat' dir='ltr'>de</span> <span class='ocrx_word' id='word_1_16' title='bbox 1730 822 1927 902; x_wconf 86' lang='lat' dir='ltr'><strong><em>Rome,</em></strong></span> <span class='ocrx_word' id='word_1_17' title='bbox 1955 846 1995 884; x_wconf 90' lang='lat' dir='ltr'>u</span> <span class='ocrx_word' id='word_1_18' title='bbox 2027 823 2067 885; x_wconf 93' lang='lat' dir='ltr'>il</span> <span class='ocrx_word' id='word_1_19' title='bbox 2098 820 2247 887; x_wconf 86' lang='lat' dir='ltr'>fieut</span> <span class='ocrx_word' id='word_1_20' title='bbox 2275 822 2610 886; x_wconf 82' lang='lat' dir='ltr'><strong>converser.</strong></span> <span class='ocrx_word' id='word_1_21' title='bbox 2641 849 2666 880; x_wconf 79' lang='lat'><strong>›</strong></span> 
     </span>
    </p>
   </div>
   <div class='ocr_carea' id='block_1_3' title="bbox 1057 1010 3115 1160">
    <p class='ocr_par' dir='ltr' id='par_1_3' title="bbox 1057 1010 3115 1160">
     <span class='ocr_line' id='line_1_4' title="bbox 1197 1010 3115 1081; baseline 0.002 -18"><span class='ocrx_word' id='word_1_22' title='bbox 1197 1012 1550 1081; x_wconf 88' lang='lat' dir='ltr'>[Anonymus,</span> <span class='ocrx_word' id='word_1_23' title='bbox 1589 1014 1663 1063; x_wconf 82' lang='lat' dir='ltr'>De</span> <span class='ocrx_word' id='word_1_24' title='bbox 1680 1010 1828 1077; x_wconf 83' lang='lat' dir='ltr'>saint</span> <span class='ocrx_word' id='word_1_25' title='bbox 1857 1010 2050 1077; x_wconf 81' lang='lat' dir='ltr'><em>Alexis,</em></span> <span class='ocrx_word' id='word_1_26' title='bbox 2083 1012 2208 1066; x_wconf 87' lang='lat' dir='ltr'>vers.</span> <span class='ocrx_word' id='word_1_27' title='bbox 2242 1029 2339 1077; x_wconf 84' lang='lat'>312</span> <span class='ocrx_word' id='word_1_28' title='bbox 2379 1014 2428 1064; x_wconf 86' lang='lat'>&amp;</span> <span class='ocrx_word' id='word_1_29' title='bbox 2454 1012 2522 1078; x_wconf 89' lang='lat' dir='ltr'>s.,</span> <span class='ocrx_word' id='word_1_30' title='bbox 2564 1028 2660 1079; x_wconf 82' lang='lat'>325</span> <span class='ocrx_word' id='word_1_31' title='bbox 2695 1014 2745 1065; x_wconf 90' lang='lat'>&amp;</span> <span class='ocrx_word' id='word_1_32' title='bbox 2770 1012 2829 1079; x_wconf 88' lang='lat' dir='ltr'>s.,</span> <span class='ocrx_word' id='word_1_33' title='bbox 2861 1018 2957 1078; x_wconf 87' lang='lat'>376</span> <span class='ocrx_word' id='word_1_34' title='bbox 2987 1015 3037 1066; x_wconf 90' lang='lat'>&amp;</span> <span class='ocrx_word' id='word_1_35' title='bbox 3062 1014 3115 1079; x_wconf 89' lang='lat' dir='ltr'>s.,</span> 
     </span>
     <span class='ocr_line' id='line_1_5' title="bbox 1057 1091 3114 1160; baseline 0.001 -17"><span class='ocrx_word' id='word_1_36' title='bbox 1057 1097 1156 1159; x_wconf 83' lang='lat'>518</span> <span class='ocrx_word' id='word_1_37' title='bbox 1184 1093 1233 1143; x_wconf 86' lang='lat'>&amp;</span> <span class='ocrx_word' id='word_1_38' title='bbox 1258 1091 1313 1158; x_wconf 88' lang='lat' dir='ltr'>s.,</span> <span class='ocrx_word' id='word_1_39' title='bbox 1340 1097 1437 1158; x_wconf 83' lang='lat'>583</span> <span class='ocrx_word' id='word_1_40' title='bbox 1466 1093 1515 1143; x_wconf 86' lang='lat'>&amp;</span> <span class='ocrx_word' id='word_1_41' title='bbox 1534 1091 1567 1144; x_wconf 92' lang='lat' dir='ltr'>s.</span> <span class='ocrx_word' id='word_1_42' title='bbox 1594 1094 1769 1158; x_wconf 88' lang='lat' dir='ltr'>(Herz,</span> <span class='ocrx_word' id='word_1_43' title='bbox 1814 1091 2049 1159; x_wconf 81' lang='lat' dir='ltr'>Desaint</span> <span class='ocrx_word' id='word_1_44' title='bbox 2072 1091 2263 1159; x_wconf 81' lang='lat' dir='ltr'><em>Alexis,</em></span> <span class='ocrx_word' id='word_1_45' title='bbox 2298 1092 2568 1145; x_wconf 87' lang='lat' dir='ltr'>Francfurt</span> <span class='ocrx_word' id='word_1_46' title='bbox 2602 1091 2762 1159; x_wconf 85' lang='lat' dir='ltr'>alM.,</span> <span class='ocrx_word' id='word_1_47' title='bbox 2796 1099 2946 1160; x_wconf 88' lang='lat'>1879,</span> <span class='ocrx_word' id='word_1_48' title='bbox 2987 1094 3114 1160; x_wconf 88' lang='lat' dir='ltr'>in-4,</span> 
     </span>
    </p>
   </div>
   <div class='ocr_carea' id='block_1_4' title="bbox 1053 1170 1394 1242">
    <p class='ocr_par' dir='ltr' id='par_1_4' title="bbox 1053 1170 1394 1242">
     <span class='ocr_line' id='line_1_6' title="bbox 1053 1170 1394 1242; baseline -0.003 0"><span class='ocrx_word' id='word_1_49' title='bbox 1053 1170 1394 1242; x_wconf 62' lang='grc' dir='ltr'>Ρμςᾶῡ]</span> 
     </span>
    </p>
   </div>
   <div class='ocr_carea' id='block_1_5' title="bbox 1050 1348 3166 3031">
    <p class='ocr_par' dir='ltr' id='par_1_5' title="bbox 1050 1348 3166 3031">
     <span class='ocr_line' id='line_1_7' title="bbox 1139 1348 3116 1434; baseline 0.005 -26"><span class='ocrx_word' id='word_1_50' title='bbox 1139 1376 1164 1408; x_wconf 71' lang='lat' dir='ltr'>e</span> <span class='ocrx_word' id='word_1_51' title='bbox 1200 1348 1483 1434; x_wconf 84' lang='lat' dir='ltr'>Egressus</span> <span class='ocrx_word' id='word_1_52' title='bbox 1520 1367 1725 1414; x_wconf 89' lang='lat' dir='ltr'>autem</span> <span class='ocrx_word' id='word_1_53' title='bbox 1755 1350 1890 1433; x_wconf 90' lang='lat' dir='ltr'>post</span> <span class='ocrx_word' id='word_1_54' title='bbox 1931 1352 2122 1414; x_wconf 92' lang='lat' dir='ltr'>multa</span> <span class='ocrx_word' id='word_1_55' title='bbox 2162 1351 2593 1416; x_wconf 89' lang='lat' dir='ltr'>consolationis</span> <span class='ocrx_word' id='word_1_56' title='bbox 2624 1352 2684 1415; x_wconf 74' lang='grc' dir='ltr'>δε</span> <span class='ocrx_word' id='word_1_57' title='bbox 2713 1352 3116 1418; x_wconf 90' lang='lat' dir='ltr'>edificationis</span> 
     </span>
     <span class='ocr_line' id='line_1_8' title="bbox 1053 1437 3115 1522; baseline 0.001 -23"><span class='ocrx_word' id='word_1_58' title='bbox 1053 1437 1254 1517; x_wconf 72' lang='lat' dir='ltr'>verba,</span> <span class='ocrx_word' id='word_1_59' title='bbox 1283 1439 1527 1501; x_wconf 87' lang='lat' dir='ltr'>tradidit</span> <span class='ocrx_word' id='word_1_60' title='bbox 1554 1438 1913 1502; x_wconf 90' lang='lat' dir='ltr'>vestimenta</span> <span class='ocrx_word' id='word_1_61' title='bbox 1942 1439 2041 1501; x_wconf 93' lang='lat' dir='ltr'>sua</span> <span class='ocrx_word' id='word_1_62' title='bbox 2072 1439 2442 1521; x_wconf 87' lang='lat' dir='ltr'>pauperibus</span> <span class='ocrx_word' id='word_1_63' title='bbox 2471 1438 2531 1501; x_wconf 74' lang='grc' dir='ltr'>δε</span> <span class='ocrx_word' id='word_1_64' title='bbox 2560 1440 2683 1522; x_wconf 92' lang='lat' dir='ltr'>ipse</span> <span class='ocrx_word' id='word_1_65' title='bbox 2712 1440 2992 1502; x_wconf 86' lang='lat' dir='ltr'>vilissimo</span> <span class='ocrx_word' id='word_1_66' title='bbox 3023 1443 3115 1502; x_wconf 91' lang='lat' dir='ltr'>in-</span> 
     </span>
     <span class='ocr_line' id='line_1_9' title="bbox 1055 1527 3118 1611; baseline 0.001 -23"><span class='ocrx_word' id='word_1_67' title='bbox 1055 1527 1235 1589; x_wconf 89' lang='lat' dir='ltr'>dutus</span> <span class='ocrx_word' id='word_1_68' title='bbox 1272 1528 1506 1607; x_wconf 84' lang='lat' dir='ltr'>habitu,</span> <span class='ocrx_word' id='word_1_69' title='bbox 1546 1531 1752 1590; x_wconf 87' lang='lat' dir='ltr'><strong>navim</strong></span> <span class='ocrx_word' id='word_1_70' title='bbox 1782 1527 2137 1590; x_wconf 87' lang='lat' dir='ltr'>conscendit</span> <span class='ocrx_word' id='word_1_71' title='bbox 2164 1527 2224 1589; x_wconf 72' lang='grc' dir='ltr'>δε</span> <span class='ocrx_word' id='word_1_72' title='bbox 2252 1541 2437 1590; x_wconf 83' lang='lat' dir='ltr'>vento</span> <span class='ocrx_word' id='word_1_73' title='bbox 2486 1528 2773 1611; x_wconf 92' lang='lat' dir='ltr'>prospero</span> <span class='ocrx_word' id='word_1_74' title='bbox 2801 1529 2986 1591; x_wconf 70' lang='lat' dir='ltr'>nocste</span> <span class='ocrx_word' id='word_1_75' title='bbox 3013 1529 3118 1591; x_wconf 89' lang='lat' dir='ltr'>illa</span> 
     </span>
     <span class='ocr_line' id='line_1_10' title="bbox 1053 1614 3166 1705; baseline 0 -28"><span class='ocrx_word' id='word_1_76' title='bbox 1053 1614 1113 1677; x_wconf 86' lang='lat'>&amp;</span> <span class='ocrx_word' id='word_1_77' title='bbox 1143 1616 1241 1678; x_wconf 94' lang='lat' dir='ltr'>die</span> <span class='ocrx_word' id='word_1_78' title='bbox 1269 1615 1538 1699; x_wconf 87' lang='lat' dir='ltr'>sequenti</span> <span class='ocrx_word' id='word_1_79' title='bbox 1570 1615 1947 1699; x_wconf 90' lang='lat' dir='ltr'>deportatus,</span> <span class='ocrx_word' id='word_1_80' title='bbox 1991 1617 2273 1679; x_wconf 89' lang='lat' dir='ltr'>inventus</span> <span class='ocrx_word' id='word_1_81' title='bbox 2303 1616 2430 1679; x_wconf 90' lang='lat' dir='ltr'>est</span> <span class='ocrx_word' id='word_1_82' title='bbox 2415 1639 2477 1678; x_wconf 89' lang='lat' dir='ltr'>1n</span> <span class='ocrx_word' id='word_1_83' title='bbox 2508 1633 2690 1699; x_wconf 92' lang='lat' dir='ltr'>portu</span> <span class='ocrx_word' id='word_1_84' title='bbox 2724 1617 2937 1705; x_wconf 87' lang='lat' dir='ltr'>Pisano</span> <span class='ocrx_word' id='word_1_85' title='bbox 2966 1616 3068 1678; x_wconf 87' lang='lat'>&amp;</span> <span class='ocrx_word' id='word_1_86' title='bbox 3054 1638 3115 1678; x_wconf 81' lang='lat' dir='ltr'>in</span> <span class='ocrx_word' id='word_1_87' title='bbox 3163 1651 3166 1654; x_wconf 56' lang='lat'>&lt;</span> 
     </span>
     <span class='ocr_line' id='line_1_11' title="bbox 1053 1702 3119 1806; baseline 0 -40"><span class='ocrx_word' id='word_1_88' title='bbox 1053 1704 1365 1767; x_wconf 90' lang='lat' dir='ltr'>civitatem</span> <span class='ocrx_word' id='word_1_89' title='bbox 1387 1702 1678 1788; x_wconf 82' lang='lat' dir='ltr'>ingressus</span> <span class='ocrx_word' id='word_1_90' title='bbox 1701 1705 1982 1768; x_wconf 92' lang='lat' dir='ltr'>manibus</span> <span class='ocrx_word' id='word_1_91' title='bbox 2006 1705 2120 1768; x_wconf 90' lang='lat' dir='ltr'>suis</span> <span class='ocrx_word' id='word_1_92' title='bbox 2143 1705 2375 1767; x_wconf 59' lang='lat' dir='ltr'>vidium</span> <span class='ocrx_word' id='word_1_93' title='bbox 2399 1727 2506 1789; x_wconf 89' lang='lat' dir='ltr'>per</span> <span class='ocrx_word' id='word_1_94' title='bbox 2529 1705 2763 1789; x_wconf 89' lang='lat' dir='ltr'>aliquot</span> <span class='ocrx_word' id='word_1_95' title='bbox 2792 1705 2921 1768; x_wconf 92' lang='lat' dir='ltr'>dies</span> <span class='ocrx_word' id='word_1_96' title='bbox 2950 1728 3119 1806; x_wconf 81' lang='lat' dir='ltr'>quae-</span> 
     </span>
     <span class='ocr_line' id='line_1_12' title="bbox 1053 1790 3117 1873; baseline 0 -19"><span class='ocrx_word' id='word_1_97' title='bbox 1053 1790 1206 1872; x_wconf 86' lang='lat' dir='ltr'>fivit,</span> <span class='ocrx_word' id='word_1_98' title='bbox 1235 1794 1434 1855; x_wconf 91' lang='lat' dir='ltr'>donec</span> <span class='ocrx_word' id='word_1_99' title='bbox 1458 1794 1611 1856; x_wconf 91' lang='lat' dir='ltr'>facie</span> <span class='ocrx_word' id='word_1_100' title='bbox 1633 1809 1887 1872; x_wconf 72' lang='lat' dir='ltr'>mutata,</span> <span class='ocrx_word' id='word_1_101' title='bbox 1915 1794 2126 1856; x_wconf 94' lang='lat' dir='ltr'>colore</span> <span class='ocrx_word' id='word_1_102' title='bbox 2155 1794 2406 1873; x_wconf 89' lang='lat' dir='ltr'>fuscat0,</span> <span class='ocrx_word' id='word_1_103' title='bbox 2435 1796 2605 1857; x_wconf 92' lang='lat' dir='ltr'>crine</span> <span class='ocrx_word' id='word_1_104' title='bbox 2634 1810 2968 1873; x_wconf 90' lang='lat' dir='ltr'>attenuato,</span> <span class='ocrx_word' id='word_1_105' title='bbox 2997 1796 3117 1855; x_wconf 90' lang='lat' dir='ltr'>iam</span> 
     </span>
     <span class='ocr_line' id='line_1_13' title="bbox 1052 1882 3118 1967; baseline 0.001 -24"><span class='ocrx_word' id='word_1_106' title='bbox 1052 1902 1440 1964; x_wconf 89' lang='lat' dir='ltr'>nequaquam</span> <span class='ocrx_word' id='word_1_107' title='bbox 1486 1883 1560 1944; x_wconf 92' lang='lat' dir='ltr'>de</span> <span class='ocrx_word' id='word_1_108' title='bbox 1603 1882 1686 1943; x_wconf 92' lang='lat' dir='ltr'>sui</span> <span class='ocrx_word' id='word_1_109' title='bbox 1720 1882 2070 1965; x_wconf 89' lang='lat' dir='ltr'>proditione</span> <span class='ocrx_word' id='word_1_110' title='bbox 2100 1882 2374 1962; x_wconf 90' lang='lat' dir='ltr'>timebat,</span> <span class='ocrx_word' id='word_1_111' title='bbox 2418 1885 2665 1967; x_wconf 91' lang='lat' dir='ltr'>ignotus</span> <span class='ocrx_word' id='word_1_112' title='bbox 2708 1882 2768 1945; x_wconf 74' lang='grc' dir='ltr'>δε</span> <span class='ocrx_word' id='word_1_113' title='bbox 2812 1883 3021 1946; x_wconf 89' lang='lat' dir='ltr'>habitu</span> <span class='ocrx_word' id='word_1_114' title='bbox 3058 1882 3118 1945; x_wconf 86' lang='lat'>&amp;</span> 
     </span>
     <span class='ocr_line' id='line_1_14' title="bbox 1051 1969 3118 2053; baseline 0.001 -22"><span class='ocrx_word' id='word_1_115' title='bbox 1051 1969 1224 2031; x_wconf 92' lang='lat' dir='ltr'>vultu</span> <span class='ocrx_word' id='word_1_116' title='bbox 1254 1969 1314 2032; x_wconf 74' lang='grc' dir='ltr'>δε</span> <span class='ocrx_word' id='word_1_117' title='bbox 1341 1992 1495 2032; x_wconf 91' lang='lat' dir='ltr'>voce</span> <span class='ocrx_word' id='word_1_118' title='bbox 1525 1970 1719 2034; x_wconf 69' lang='lat' dir='ltr'>fastus</span> <span class='ocrx_word' id='word_1_119' title='bbox 1760 1970 1821 2033; x_wconf 87' lang='lat'>&amp;</span> <span class='ocrx_word' id='word_1_120' title='bbox 1855 1970 2041 2053; x_wconf 88' lang='lat' dir='ltr'>gestu.</span> <span class='ocrx_word' id='word_1_121' title='bbox 2086 1971 2212 2033; x_wconf 93' lang='lat' dir='ltr'>Die</span> <span class='ocrx_word' id='word_1_122' title='bbox 2242 1971 2448 2051; x_wconf 73' lang='lat' dir='ltr'>altera,</span> <span class='ocrx_word' id='word_1_123' title='bbox 2488 1987 2555 2034; x_wconf 93' lang='lat' dir='ltr'>ut</span> <span class='ocrx_word' id='word_1_124' title='bbox 2582 1973 2656 2034; x_wconf 94' lang='lat' dir='ltr'>ad</span> <span class='ocrx_word' id='word_1_125' title='bbox 2686 1971 2746 2033; x_wconf 94' lang='lat' dir='ltr'>id</span> <span class='ocrx_word' id='word_1_126' title='bbox 2779 1973 3118 2050; x_wconf 83' lang='lat' dir='ltr'>redeamuS‚</span> 
     </span>
     <span class='ocr_line' id='line_1_15' title="bbox 1051 2058 3116 2143; baseline 0 -23"><span class='ocrx_word' id='word_1_127' title='bbox 1051 2079 1230 2120; x_wconf 89' lang='lat' dir='ltr'>mane</span> <span class='ocrx_word' id='word_1_128' title='bbox 1279 2060 1352 2119; x_wconf 90' lang='lat' dir='ltr'>ad</span> <span class='ocrx_word' id='word_1_129' title='bbox 1401 2060 1665 2137; x_wconf 88' lang='lat' dir='ltr'>paranda</span> <span class='ocrx_word' id='word_1_130' title='bbox 1714 2058 2144 2122; x_wconf 89' lang='lat' dir='ltr'>mundiburdia</span> <span class='ocrx_word' id='word_1_131' title='bbox 2199 2059 2274 2121; x_wconf 90' lang='lat' dir='ltr'>ab</span> <span class='ocrx_word' id='word_1_132' title='bbox 2324 2060 2538 2122; x_wconf 92' lang='lat' dir='ltr'>amicis</span> <span class='ocrx_word' id='word_1_133' title='bbox 2591 2060 2915 2143; x_wconf 90' lang='lat' dir='ltr'>utrobique</span> <span class='ocrx_word' id='word_1_134' title='bbox 2965 2081 3116 2122; x_wconf 91' lang='lat' dir='ltr'>con-</span> 
     </span>
     <span class='ocr_line' id='line_1_16' title="bbox 1051 2146 3116 2230; baseline 0 -20"><span class='ocrx_word' id='word_1_135' title='bbox 1051 2163 1305 2210; x_wconf 90' lang='lat' dir='ltr'>ventum</span> <span class='ocrx_word' id='word_1_136' title='bbox 1368 2146 1482 2225; x_wconf 90' lang='lat' dir='ltr'>est,</span> <span class='ocrx_word' id='word_1_137' title='bbox 1550 2148 1722 2230; x_wconf 89' lang='lat' dir='ltr'>virgo</span> <span class='ocrx_word' id='word_1_138' title='bbox 1794 2146 1918 2209; x_wconf 90' lang='lat' dir='ltr'>sola</span> <span class='ocrx_word' id='word_1_139' title='bbox 1977 2149 2037 2209; x_wconf 93' lang='lat' dir='ltr'>in</span> <span class='ocrx_word' id='word_1_140' title='bbox 2109 2148 2387 2211; x_wconf 90' lang='lat' dir='ltr'>conclavi</span> <span class='ocrx_word' id='word_1_141' title='bbox 2458 2149 2609 2212; x_wconf 87' lang='lat' dir='ltr'>flens</span> <span class='ocrx_word' id='word_1_142' title='bbox 2666 2148 2725 2210; x_wconf 87' lang='lat'>&amp;</span> <span class='ocrx_word' id='word_1_143' title='bbox 2780 2149 3116 2211; x_wconf 88' lang='lat' dir='ltr'>lamentans</span> 
     </span>
     <span class='ocr_line' id='line_1_17' title="bbox 1052 2232 3117 2319; baseline 0 -22"><span class='ocrx_word' id='word_1_144' title='bbox 1052 2235 1377 2298; x_wconf 88' lang='lat' dir='ltr'>invenitur.</span> <span class='ocrx_word' id='word_1_145' title='bbox 1424 2232 1809 2319; x_wconf 85' lang='lat' dir='ltr'>Interrogata</span> <span class='ocrx_word' id='word_1_146' title='bbox 1853 2236 1928 2298; x_wconf 95' lang='lat' dir='ltr'>de</span> <span class='ocrx_word' id='word_1_147' title='bbox 1957 2235 2190 2319; x_wconf 87' lang='lat' dir='ltr'>spons0,</span> <span class='ocrx_word' id='word_1_148' title='bbox 2220 2237 2325 2298; x_wconf 90' lang='lat' dir='ltr'>ubi</span> <span class='ocrx_word' id='word_1_149' title='bbox 2363 2235 2527 2317; x_wconf 82' lang='lat' dir='ltr'>effet,</span> <span class='ocrx_word' id='word_1_150' title='bbox 2568 2238 2728 2300; x_wconf 92' lang='lat' dir='ltr'>clam</span> <span class='ocrx_word' id='word_1_151' title='bbox 2758 2235 2936 2299; x_wconf 82' lang='lat' dir='ltr'>abisse</span> <span class='ocrx_word' id='word_1_152' title='bbox 2966 2259 3117 2299; x_wconf 92' lang='lat' dir='ltr'>con-</span> 
     </span>
     <span class='ocr_line' id='line_1_18' title="bbox 1051 2321 3116 2409; baseline 0 -23"><span class='ocrx_word' id='word_1_153' title='bbox 1051 2323 1193 2386; x_wconf 79' lang='lat' dir='ltr'>fess&#39;a</span> <span class='ocrx_word' id='word_1_154' title='bbox 1219 2323 1321 2386; x_wconf 90' lang='lat' dir='ltr'>est.</span> <span class='ocrx_word' id='word_1_155' title='bbox 1364 2321 1681 2407; x_wconf 87' lang='lat' dir='ltr'>Requifita</span> <span class='ocrx_word' id='word_1_156' title='bbox 1708 2346 1835 2404; x_wconf 90' lang='lat' dir='ltr'>cur,</span> <span class='ocrx_word' id='word_1_157' title='bbox 1880 2324 2025 2388; x_wconf 92' lang='lat' dir='ltr'>Deo</span> <span class='ocrx_word' id='word_1_158' title='bbox 2065 2325 2261 2408; x_wconf 92' lang='lat' dir='ltr'>ipsum</span> <span class='ocrx_word' id='word_1_159' title='bbox 2304 2325 2521 2389; x_wconf 88' lang='lat' dir='ltr'>servire</span> <span class='ocrx_word' id='word_1_160' title='bbox 2568 2348 2638 2389; x_wconf 91' lang='lat' dir='ltr'>ac</span> <span class='ocrx_word' id='word_1_161' title='bbox 2686 2341 2933 2409; x_wconf 88' lang='lat' dir='ltr'>propter</span> <span class='ocrx_word' id='word_1_162' title='bbox 2974 2347 3116 2388; x_wconf 92' lang='lat' dir='ltr'>eum</span> 
     </span>
     <span class='ocr_line' id='line_1_19' title="bbox 1051 2412 3116 2496; baseline 0 -21"><span class='ocrx_word' id='word_1_163' title='bbox 1051 2413 1294 2475; x_wconf 90' lang='lat' dir='ltr'>exulare</span> <span class='ocrx_word' id='word_1_164' title='bbox 1336 2412 1494 2474; x_wconf 90' lang='lat' dir='ltr'>velle</span> <span class='ocrx_word' id='word_1_165' title='bbox 1537 2413 1864 2496; x_wconf 89' lang='lat' dir='ltr'>respondit.</span> <span class='ocrx_word' id='word_1_166' title='bbox 1915 2414 2394 2478; x_wconf 89' lang='lat' dir='ltr'>Conturbatur</span> <span class='ocrx_word' id='word_1_167' title='bbox 2379 2437 2441 2479; x_wconf 87' lang='lat' dir='ltr'>m</span> <span class='ocrx_word' id='word_1_168' title='bbox 2488 2415 2608 2477; x_wconf 93' lang='lat' dir='ltr'>hoc</span> <span class='ocrx_word' id='word_1_169' title='bbox 2650 2416 2817 2477; x_wconf 63' lang='lat' dir='ltr'>dicto</span> <span class='ocrx_word' id='word_1_170' title='bbox 2861 2430 3029 2496; x_wconf 92' lang='lat' dir='ltr'>pater</span> <span class='ocrx_word' id='word_1_171' title='bbox 3056 2413 3116 2476; x_wconf 84' lang='lat'>&amp;</span> 
     </span>
     <span class='ocr_line' id='line_1_20' title="bbox 1054 2500 3114 2584; baseline 0.001 -22"><span class='ocrx_word' id='word_1_172' title='bbox 1054 2516 1248 2563; x_wconf 90' lang='lat' dir='ltr'>mater</span> <span class='ocrx_word' id='word_1_173' title='bbox 1276 2500 1336 2563; x_wconf 74' lang='grc' dir='ltr'>δε</span> <span class='ocrx_word' id='word_1_174' title='bbox 1363 2502 1544 2563; x_wconf 88' lang='lat' dir='ltr'>amici</span> <span class='ocrx_word' id='word_1_175' title='bbox 1593 2523 1807 2564; x_wconf 93' lang='lat' dir='ltr'>omnes</span> <span class='ocrx_word' id='word_1_176' title='bbox 1854 2502 2004 2565; x_wconf 88' lang='lat' dir='ltr'>flent</span> <span class='ocrx_word' id='word_1_177' title='bbox 2045 2502 2545 2565; x_wconf 84' lang='lat' dir='ltr'>&amp;lamentantur</span> <span class='ocrx_word' id='word_1_178' title='bbox 2583 2502 2643 2565; x_wconf 74' lang='grc' dir='ltr'>δε</span> <span class='ocrx_word' id='word_1_179' title='bbox 2684 2502 2912 2565; x_wconf 90' lang='lat' dir='ltr'>eiulant</span> <span class='ocrx_word' id='word_1_180' title='bbox 2953 2503 3114 2584; x_wconf 88' lang='lat' dir='ltr'>quafi</span> 
     </span>
     <span class='ocr_line' id='line_1_21' title="bbox 1052 2589 3113 2675; baseline 0.001 -22"><span class='ocrx_word' id='word_1_181' title='bbox 1052 2606 1387 2669; x_wconf 88' lang='lat' dir='ltr'>mortuum,</span> <span class='ocrx_word' id='word_1_182' title='bbox 1416 2589 1657 2654; x_wconf 89' lang='lat' dir='ltr'>famulis</span> <span class='ocrx_word' id='word_1_183' title='bbox 1680 2590 1740 2653; x_wconf 76' lang='grc' dir='ltr'>ὅτ</span> <span class='ocrx_word' id='word_1_184' title='bbox 1763 2590 2089 2654; x_wconf 87' lang='lat' dir='ltr'>clientibus</span> <span class='ocrx_word' id='word_1_185' title='bbox 2118 2592 2341 2675; x_wconf 90' lang='lat' dir='ltr'>gaudia</span> <span class='ocrx_word' id='word_1_186' title='bbox 2367 2592 2717 2674; x_wconf 88' lang='lat' dir='ltr'>nuptiarum</span> <span class='ocrx_word' id='word_1_187' title='bbox 2746 2593 2807 2653; x_wconf 94' lang='lat' dir='ltr'>in</span> <span class='ocrx_word' id='word_1_188' title='bbox 2831 2591 3113 2655; x_wconf 89' lang='lat' dir='ltr'>funebres</span> 
     </span>
     <span class='ocr_line' id='line_1_22' title="bbox 1050 2677 3117 2763; baseline 0 -22"><span class='ocrx_word' id='word_1_189' title='bbox 1050 2695 1494 2741; x_wconf 91' lang='lat' dir='ltr'>convertuntur</span> <span class='ocrx_word' id='word_1_190' title='bbox 1522 2680 1828 2763; x_wconf 85' lang='lat' dir='ltr'>exequias.</span> <span class='ocrx_word' id='word_1_191' title='bbox 1881 2679 2087 2742; x_wconf 93' lang='lat' dir='ltr'>Mittit</span> <span class='ocrx_word' id='word_1_192' title='bbox 2129 2702 2204 2741; x_wconf 87' lang='lat' dir='ltr'>ex</span> <span class='ocrx_word' id='word_1_193' title='bbox 2249 2677 2502 2744; x_wconf 85' lang='lat' dir='ltr'>confilio</span> <span class='ocrx_word' id='word_1_194' title='bbox 2545 2681 2882 2742; x_wconf 90' lang='lat' dir='ltr'>amicorum</span> <span class='ocrx_word' id='word_1_195' title='bbox 2923 2679 3117 2742; x_wconf 90' lang='lat' dir='ltr'>senior</span> 
     </span>
     <span class='ocr_line' id='line_1_23' title="bbox 1050 2766 3117 2852; baseline 0 -23"><span class='ocrx_word' id='word_1_196' title='bbox 1050 2766 1450 2831; x_wconf 89' lang='lat' dir='ltr'>Eufemianus</span> <span class='ocrx_word' id='word_1_197' title='bbox 1500 2768 1560 2830; x_wconf 93' lang='lat' dir='ltr'>in</span> <span class='ocrx_word' id='word_1_198' title='bbox 1592 2768 1851 2831; x_wconf 90' lang='lat' dir='ltr'>diversas</span> <span class='ocrx_word' id='word_1_199' title='bbox 1895 2784 2095 2852; x_wconf 90' lang='lat' dir='ltr'>partes</span> <span class='ocrx_word' id='word_1_200' title='bbox 2126 2783 2427 2831; x_wconf 93' lang='lat' dir='ltr'>terrarum</span> <span class='ocrx_word' id='word_1_201' title='bbox 2455 2768 2655 2832; x_wconf 91' lang='lat' dir='ltr'>servos</span> <span class='ocrx_word' id='word_1_202' title='bbox 2698 2768 2758 2831; x_wconf 74' lang='grc' dir='ltr'>δε</span> <span class='ocrx_word' id='word_1_203' title='bbox 2796 2768 3117 2849; x_wconf 80' lang='lat' dir='ltr'>ministroS,</span> 
     </span>
     <span class='ocr_line' id='line_1_24' title="bbox 1050 2856 3117 2944; baseline 0.001 -26"><span class='ocrx_word' id='word_1_204' title='bbox 1050 2872 1118 2919; x_wconf 91' lang='lat' dir='ltr'>ut</span> <span class='ocrx_word' id='word_1_205' title='bbox 1148 2857 1457 2940; x_wconf 89' lang='lat' dir='ltr'>requirant</span> <span class='ocrx_word' id='word_1_206' title='bbox 1483 2857 1543 2919; x_wconf 72' lang='grc' dir='ltr'>δε</span> <span class='ocrx_word' id='word_1_207' title='bbox 1575 2859 1870 2920; x_wconf 92' lang='lat' dir='ltr'>reducant</span> <span class='ocrx_word' id='word_1_208' title='bbox 1899 2856 2115 2921; x_wconf 85' lang='lat' dir='ltr'>filium.</span> <span class='ocrx_word' id='word_1_209' title='bbox 2149 2856 2447 2944; x_wconf 75' lang='lat' dir='ltr'>Quorum</span> <span class='ocrx_word' id='word_1_210' title='bbox 2478 2858 2601 2921; x_wconf 90' lang='lat' dir='ltr'>duo</span> <span class='ocrx_word' id='word_1_211' title='bbox 2633 2859 2711 2921; x_wconf 91' lang='lat' dir='ltr'>Pi</span> <span class='ocrx_word' id='word_1_212' title='bbox 2741 2882 2836 2921; x_wconf 87' lang='lat' dir='ltr'>am</span> <span class='ocrx_word' id='word_1_213' title='bbox 2863 2860 3117 2922; x_wconf 90' lang='lat' dir='ltr'>veniunt</span> 
     </span>
     <span class='ocr_line' id='line_1_25' title="bbox 1050 2945 3116 3031; baseline 0 -23"><span class='ocrx_word' id='word_1_214' title='bbox 1050 2945 1110 3008; x_wconf 74' lang='grc' dir='ltr'>δε</span> <span class='ocrx_word' id='word_1_215' title='bbox 1137 2947 1323 3028; x_wconf 86' lang='lat' dir='ltr'>agniti</span> <span class='ocrx_word' id='word_1_216' title='bbox 1370 2946 1444 3008; x_wconf 90' lang='lat' dir='ltr'>ab</span> <span class='ocrx_word' id='word_1_217' title='bbox 1475 2946 1722 3025; x_wconf 89' lang='lat' dir='ltr'>Alexi0,</span> <span class='ocrx_word' id='word_1_218' title='bbox 1750 2969 1877 3009; x_wconf 93' lang='lat' dir='ltr'>non</span> <span class='ocrx_word' id='word_1_219' title='bbox 1908 2945 2252 3030; x_wconf 29' lang='lat' dir='ltr'>tamenvipfi</span> <span class='ocrx_word' id='word_1_220' title='bbox 2296 2969 2438 3010; x_wconf 91' lang='lat' dir='ltr'>eum</span> <span class='ocrx_word' id='word_1_221' title='bbox 2467 2947 2860 3031; x_wconf 91' lang='lat' dir='ltr'>cognoscunt.</span> <span class='ocrx_word' id='word_1_222' title='bbox 2913 2948 3116 3009; x_wconf 93' lang='lat' dir='ltr'>Acce-</span> 
     </span>
    </p>
   </div>
   <div class='ocr_carea' id='block_1_6' title="bbox 1054 3032 3226 3120">
    <p class='ocr_par' dir='ltr' id='par_1_6' title="bbox 1054 3032 3226 3120">
     <span class='ocr_line' id='line_1_26' title="bbox 1054 3032 3226 3120; baseline 0.001 -24"><span class='ocrx_word' id='word_1_223' title='bbox 1054 3035 1143 3117; x_wconf 90' lang='lat' dir='ltr'>pit</span> <span class='ocrx_word' id='word_1_224' title='bbox 1172 3037 1247 3096; x_wconf 93' lang='lat' dir='ltr'>de</span> <span class='ocrx_word' id='word_1_225' title='bbox 1276 3035 1559 3098; x_wconf 90' lang='lat' dir='ltr'>manibus</span> <span class='ocrx_word' id='word_1_226' title='bbox 1587 3037 1858 3119; x_wconf 93' lang='lat' dir='ltr'>ipsorum</span> <span class='ocrx_word' id='word_1_227' title='bbox 1881 3032 2296 3115; x_wconf 87' lang='lat' dir='ltr'>elemofinam,</span> <span class='ocrx_word' id='word_1_228' title='bbox 2324 3037 2386 3097; x_wconf 92' lang='lat' dir='ltr'>in</span> <span class='ocrx_word' id='word_1_229' title='bbox 2414 3037 2536 3098; x_wconf 93' lang='lat' dir='ltr'>hoc</span> <span class='ocrx_word' id='word_1_230' title='bbox 2565 3058 2816 3120; x_wconf 92' lang='lat' dir='ltr'>quoque</span> <span class='ocrx_word' id='word_1_231' title='bbox 2843 3035 3113 3118; x_wconf 89' lang='lat' dir='ltr'>gaudens</span> <span class='ocrx_word' id='word_1_232' title='bbox 3219 3076 3226 3079; x_wconf 28' lang='lat' dir='ltr'>x</span> 
     </span>
    </p>
   </div>
   <div class='ocr_carea' id='block_1_7' title="bbox 960 3122 3114 4361">
    <p class='ocr_par' dir='ltr' id='par_1_7' title="bbox 960 3122 3114 4361">
     <span class='ocr_line' id='line_1_27' title="bbox 1053 3122 3114 3208; baseline 0.002 -26"><span class='ocrx_word' id='word_1_233' title='bbox 1053 3149 1079 3182; x_wconf 64' lang='grc' dir='ltr'><strong>α</strong></span> <span class='ocrx_word' id='word_1_234' title='bbox 1109 3124 1255 3206; x_wconf 87' lang='lat' dir='ltr'>quia</span> <span class='ocrx_word' id='word_1_235' title='bbox 1277 3122 1352 3185; x_wconf 90' lang='lat' dir='ltr'>de</span> <span class='ocrx_word' id='word_1_236' title='bbox 1377 3124 1678 3204; x_wconf 90' lang='lat' dir='ltr'>manibus,</span> <span class='ocrx_word' id='word_1_237' title='bbox 1707 3124 1925 3208; x_wconf 91' lang='lat' dir='ltr'>inquit,</span> <span class='ocrx_word' id='word_1_238' title='bbox 1957 3125 2265 3187; x_wconf 88' lang='lat' dir='ltr'>servorum</span> <span class='ocrx_word' id='word_1_239' title='bbox 2296 3146 2579 3188; x_wconf 91' lang='lat' dir='ltr'>meorum</span> <span class='ocrx_word' id='word_1_240' title='bbox 2608 3125 2794 3189; x_wconf 90' lang='lat' dir='ltr'>hodie</span> <span class='ocrx_word' id='word_1_241' title='bbox 2825 3125 3114 3188; x_wconf 91' lang='lat' dir='ltr'>benedic-</span> 
     </span>
     <span class='ocr_line' id='line_1_28' title="bbox 960 3213 3113 3300; baseline 0.002 -29"><span class='ocrx_word' id='word_1_242' title='bbox 960 3222 971 3239; x_wconf 83' lang='lat'>²</span> <span class='ocrx_word' id='word_1_243' title='bbox 1052 3237 1080 3271; x_wconf 66' lang='grc' dir='ltr'><strong><em>ι</em></strong></span> <span class='ocrx_word' id='word_1_244' title='bbox 1110 3213 1344 3275; x_wconf 93' lang='lat' dir='ltr'>tionem</span> <span class='ocrx_word' id='word_1_245' title='bbox 1359 3215 1589 3296; x_wconf 88' lang='lat' dir='ltr'>accepi.</span> <span class='ocrx_word' id='word_1_246' title='bbox 1612 3239 1636 3270; x_wconf 86' lang='grc'>»</span> <span class='ocrx_word' id='word_1_247' title='bbox 1659 3213 1968 3300; x_wconf 75' lang='lat' dir='ltr'>Quaefitus</span> <span class='ocrx_word' id='word_1_248' title='bbox 1987 3215 2191 3297; x_wconf 90' lang='lat' dir='ltr'>itaque</span> <span class='ocrx_word' id='word_1_249' title='bbox 2206 3214 2471 3278; x_wconf 92' lang='lat' dir='ltr'>multum</span> <span class='ocrx_word' id='word_1_250' title='bbox 2486 3214 2545 3276; x_wconf 87' lang='lat'>&amp;</span> <span class='ocrx_word' id='word_1_251' title='bbox 2563 3217 2667 3277; x_wconf 90' lang='lat' dir='ltr'>diu</span> <span class='ocrx_word' id='word_1_252' title='bbox 2684 3236 2812 3276; x_wconf 93' lang='lat' dir='ltr'>non</span> <span class='ocrx_word' id='word_1_253' title='bbox 2828 3215 3113 3276; x_wconf 90' lang='lat' dir='ltr'>inventus</span> 
     </span>
     <span class='ocr_line' id='line_1_29' title="bbox 1049 3301 3113 3386; baseline 0 -22"><span class='ocrx_word' id='word_1_254' title='bbox 1049 3302 1173 3386; x_wconf 90' lang='lat' dir='ltr'>ipse</span> <span class='ocrx_word' id='word_1_255' title='bbox 1201 3302 1442 3364; x_wconf 91' lang='lat' dir='ltr'>ieiuniis</span> <span class='ocrx_word' id='word_1_256' title='bbox 1486 3302 1546 3365; x_wconf 74' lang='grc' dir='ltr'>δε</span> <span class='ocrx_word' id='word_1_257' title='bbox 1575 3303 1952 3365; x_wconf 90' lang='lat' dir='ltr'>orationibus</span> <span class='ocrx_word' id='word_1_258' title='bbox 1982 3301 2042 3364; x_wconf 74' lang='grc' dir='ltr'>δε</span> <span class='ocrx_word' id='word_1_259' title='bbox 2068 3301 2293 3386; x_wconf 89' lang='lat' dir='ltr'>vigiliis</span> <span class='ocrx_word' id='word_1_260' title='bbox 2321 3303 2575 3365; x_wconf 90' lang='lat' dir='ltr'>vacabat</span> <span class='ocrx_word' id='word_1_261' title='bbox 2602 3303 2787 3364; x_wconf 70' lang='lat' dir='ltr'>nocste</span> <span class='ocrx_word' id='word_1_262' title='bbox 2816 3301 2876 3364; x_wconf 74' lang='grc' dir='ltr'>δε</span> <span class='ocrx_word' id='word_1_263' title='bbox 2905 3301 3024 3381; x_wconf 87' lang='lat' dir='ltr'>die,</span> <span class='ocrx_word' id='word_1_264' title='bbox 3053 3302 3113 3365; x_wconf 74' lang='grc' dir='ltr'>δε</span> 
     </span>
     <span class='ocr_line' id='line_1_30' title="bbox 1049 3390 3113 3476; baseline 0 -22"><span class='ocrx_word' id='word_1_265' title='bbox 1049 3390 1344 3454; x_wconf 90' lang='lat' dir='ltr'>insolenta</span> <span class='ocrx_word' id='word_1_266' title='bbox 1368 3391 1494 3476; x_wconf 87' lang='lat' dir='ltr'><em>(stc)</em></span> <span class='ocrx_word' id='word_1_267' title='bbox 1515 3391 1722 3453; x_wconf 89' lang='lat' dir='ltr'>labore</span> <span class='ocrx_word' id='word_1_268' title='bbox 1746 3391 1993 3470; x_wconf 61' lang='lat' dir='ltr'>fraaus,</span> <span class='ocrx_word' id='word_1_269' title='bbox 2014 3408 2310 3474; x_wconf 87' lang='lat' dir='ltr'>aegrotare</span> <span class='ocrx_word' id='word_1_270' title='bbox 2333 3391 2780 3475; x_wconf 90' lang='lat' dir='ltr'>aliquantulum</span> <span class='ocrx_word' id='word_1_271' title='bbox 2801 3393 3014 3473; x_wconf 85' lang='lat' dir='ltr'>coepit,</span> <span class='ocrx_word' id='word_1_272' title='bbox 3036 3391 3113 3454; x_wconf 94' lang='lat' dir='ltr'>de</span> 
     </span>
     <span class='ocr_line' id='line_1_31' title="bbox 1049 3479 3113 3563; baseline 0.001 -21"><span class='ocrx_word' id='word_1_273' title='bbox 1049 3481 1170 3542; x_wconf 92' lang='lat' dir='ltr'>hoc</span> <span class='ocrx_word' id='word_1_274' title='bbox 1193 3480 1378 3542; x_wconf 88' lang='lat' dir='ltr'>etiam</span> <span class='ocrx_word' id='word_1_275' title='bbox 1393 3479 1567 3542; x_wconf 87' lang='lat' dir='ltr'>laetus</span> <span class='ocrx_word' id='word_1_276' title='bbox 1590 3480 1732 3561; x_wconf 90' lang='lat' dir='ltr'>quia</span> <span class='ocrx_word' id='word_1_277' title='bbox 1748 3481 1810 3542; x_wconf 90' lang='lat' dir='ltr'>in</span> <span class='ocrx_word' id='word_1_278' title='bbox 1830 3481 2045 3542; x_wconf 92' lang='lat' dir='ltr'>sudore</span> <span class='ocrx_word' id='word_1_279' title='bbox 2068 3479 2273 3543; x_wconf 91' lang='lat' dir='ltr'>vultus</span> <span class='ocrx_word' id='word_1_280' title='bbox 2295 3501 2516 3563; x_wconf 88' lang='lat' dir='ltr'>panem</span> <span class='ocrx_word' id='word_1_281' title='bbox 2532 3479 2784 3543; x_wconf 91' lang='lat' dir='ltr'>cottidie</span> <span class='ocrx_word' id='word_1_282' title='bbox 2806 3480 3113 3563; x_wconf 89' lang='lat' dir='ltr'>accipiens</span> 
     </span>
     <span class='ocr_line' id='line_1_32' title="bbox 1051 3568 3112 3652; baseline -0 -21"><span class='ocrx_word' id='word_1_283' title='bbox 1051 3568 1111 3631; x_wconf 86' lang='lat'>&amp;</span> <span class='ocrx_word' id='word_1_284' title='bbox 1140 3570 1494 3648; x_wconf 87' lang='lat' dir='ltr'>inmutatus,</span> <span class='ocrx_word' id='word_1_285' title='bbox 1535 3568 1888 3631; x_wconf 89' lang='lat' dir='ltr'>infirmitate</span> <span class='ocrx_word' id='word_1_286' title='bbox 1930 3591 2179 3652; x_wconf 91' lang='lat' dir='ltr'>quoque</span> <span class='ocrx_word' id='word_1_287' title='bbox 2222 3571 2296 3632; x_wconf 91' lang='lat' dir='ltr'>ad</span> <span class='ocrx_word' id='word_1_288' title='bbox 2329 3569 2656 3652; x_wconf 60' lang='lat' dir='ltr'>perfedtam</span> <span class='ocrx_word' id='word_1_289' title='bbox 2686 3568 2771 3630; x_wconf 91' lang='lat' dir='ltr'>sui</span> <span class='ocrx_word' id='word_1_290' title='bbox 2802 3569 3112 3651; x_wconf 86' lang='lat' dir='ltr'>probatio-</span> 
     </span>
     <span class='ocr_line' id='line_1_33' title="bbox 1050 3656 3111 3741; baseline 0 -21"><span class='ocrx_word' id='word_1_291' title='bbox 1050 3679 1195 3720; x_wconf 87' lang='lat' dir='ltr'>nem</span> <span class='ocrx_word' id='word_1_292' title='bbox 1226 3657 1512 3739; x_wconf 90' lang='lat' dir='ltr'>temptari</span> <span class='ocrx_word' id='word_1_293' title='bbox 1541 3657 1905 3736; x_wconf 90' lang='lat' dir='ltr'>merebatur,</span> <span class='ocrx_word' id='word_1_294' title='bbox 1933 3674 2001 3720; x_wconf 92' lang='lat' dir='ltr'>ut</span> <span class='ocrx_word' id='word_1_295' title='bbox 2022 3656 2186 3741; x_wconf 90' lang='lat' dir='ltr'>quas1</span> <span class='ocrx_word' id='word_1_296' title='bbox 2215 3680 2290 3720; x_wconf 89' lang='lat' dir='ltr'>ex</span> <span class='ocrx_word' id='word_1_297' title='bbox 2314 3674 2446 3721; x_wconf 95' lang='lat' dir='ltr'>toto</span> <span class='ocrx_word' id='word_1_298' title='bbox 2477 3679 2511 3719; x_wconf 89' lang='lat' dir='ltr'>a</span> <span class='ocrx_word' id='word_1_299' title='bbox 2531 3658 2585 3719; x_wconf 91' lang='lat' dir='ltr'>se</span> <span class='ocrx_word' id='word_1_300' title='bbox 2609 3658 2733 3740; x_wconf 93' lang='lat' dir='ltr'>ipse</span> <span class='ocrx_word' id='word_1_301' title='bbox 2762 3658 2955 3721; x_wconf 61' lang='lat' dir='ltr'>faetus</span> <span class='ocrx_word' id='word_1_302' title='bbox 2984 3666 3111 3721; x_wconf 86' lang='lat' dir='ltr'>nori</span> 
     </span>
     <span class='ocr_line' id='line_1_34' title="bbox 1051 3744 3110 3829; baseline 0.001 -22"><span class='ocrx_word' id='word_1_303' title='bbox 1051 3745 1247 3808; x_wconf 92' lang='lat' dir='ltr'>solum</span> <span class='ocrx_word' id='word_1_304' title='bbox 1291 3744 1443 3825; x_wconf 90' lang='lat' dir='ltr'>aliis,</span> <span class='ocrx_word' id='word_1_305' title='bbox 1491 3745 1575 3808; x_wconf 92' lang='lat' dir='ltr'>set</span> <span class='ocrx_word' id='word_1_306' title='bbox 1619 3745 1678 3807; x_wconf 87' lang='lat'>&amp;</span> <span class='ocrx_word' id='word_1_307' title='bbox 1706 3746 1941 3809; x_wconf 88' lang='lat' dir='ltr'>fibimet</span> <span class='ocrx_word' id='word_1_308' title='bbox 1983 3745 2091 3829; x_wconf 88' lang='lat' dir='ltr'>ipfi</span> <span class='ocrx_word' id='word_1_309' title='bbox 2123 3748 2243 3809; x_wconf 91' lang='lat' dir='ltr'>iam</span> <span class='ocrx_word' id='word_1_310' title='bbox 2284 3745 2428 3810; x_wconf 85' lang='lat' dir='ltr'>effet</span> <span class='ocrx_word' id='word_1_311' title='bbox 2469 3746 2722 3809; x_wconf 90' lang='lat' dir='ltr'>alienus.</span> <span class='ocrx_word' id='word_1_312' title='bbox 2776 3745 2890 3808; x_wconf 92' lang='lat' dir='ltr'>Per</span> <span class='ocrx_word' id='word_1_313' title='bbox 2930 3748 3110 3829; x_wconf 93' lang='lat' dir='ltr'>quin-</span> 
     </span>
     <span class='ocr_line' id='line_1_35' title="bbox 1051 3833 3110 3920; baseline 0.001 -25"><span class='ocrx_word' id='word_1_314' title='bbox 1051 3834 1389 3918; x_wconf 92' lang='lat' dir='ltr'>quennium</span> <span class='ocrx_word' id='word_1_315' title='bbox 1418 3835 1501 3896; x_wconf 95' lang='lat' dir='ltr'>ibi</span> <span class='ocrx_word' id='word_1_316' title='bbox 1530 3850 1823 3914; x_wconf 89' lang='lat' dir='ltr'>moratus,</span> <span class='ocrx_word' id='word_1_317' title='bbox 1872 3833 2290 3920; x_wconf 81' lang='lat' dir='ltr'>lherosolimam</span> <span class='ocrx_word' id='word_1_318' title='bbox 2334 3836 2655 3897; x_wconf 90' lang='lat' dir='ltr'>contendit</span> <span class='ocrx_word' id='word_1_319' title='bbox 2700 3835 2804 3897; x_wconf 92' lang='lat' dir='ltr'>ubi</span> <span class='ocrx_word' id='word_1_320' title='bbox 2846 3835 3110 3897; x_wconf 93' lang='lat' dir='ltr'>nichilo-</span> 
     </span>
     <span class='ocr_line' id='line_1_36' title="bbox 1008 3921 3113 4006; baseline 0.001 -21"><span class='ocrx_word' id='word_1_321' title='bbox 1008 3964 1013 3971; x_wconf 92' lang='lat'><em>·</em></span> <span class='ocrx_word' id='word_1_322' title='bbox 1051 3925 1253 3985; x_wconf 89' lang='lat' dir='ltr'>minus</span> <span class='ocrx_word' id='word_1_323' title='bbox 1283 3921 1661 4006; x_wconf 91' lang='lat' dir='ltr'>septennium</span> <span class='ocrx_word' id='word_1_324' title='bbox 1685 3925 1932 4003; x_wconf 83' lang='lat' dir='ltr'>facienS,</span> <span class='ocrx_word' id='word_1_325' title='bbox 1963 3926 2123 3986; x_wconf 91' lang='lat' dir='ltr'>unde</span> <span class='ocrx_word' id='word_1_326' title='bbox 2154 3924 2224 3986; x_wconf 95' lang='lat' dir='ltr'>ad</span> <span class='ocrx_word' id='word_1_327' title='bbox 2259 3923 2509 3986; x_wconf 87' lang='lat' dir='ltr'>Luccam</span> <span class='ocrx_word' id='word_1_328' title='bbox 2552 3925 2795 4006; x_wconf 91' lang='lat' dir='ltr'>navigio</span> <span class='ocrx_word' id='word_1_329' title='bbox 2839 3925 3113 4006; x_wconf 89' lang='lat' dir='ltr'>pervenit</span> 
     </span>
     <span class='ocr_line' id='line_1_37' title="bbox 1051 4012 3109 4096; baseline 0 -21"><span class='ocrx_word' id='word_1_330' title='bbox 1051 4013 1362 4075; x_wconf 89' lang='lat' dir='ltr'>civitatem</span> <span class='ocrx_word' id='word_1_331' title='bbox 1410 4034 1694 4095; x_wconf 90' lang='lat' dir='ltr'>magnam</span> <span class='ocrx_word' id='word_1_332' title='bbox 1742 4013 1802 4076; x_wconf 76' lang='grc' dir='ltr'>δι</span> <span class='ocrx_word' id='word_1_333' title='bbox 1850 4013 2147 4092; x_wconf 87' lang='lat' dir='ltr'>inclitam,</span> <span class='ocrx_word' id='word_1_334' title='bbox 2203 4013 2304 4074; x_wconf 93' lang='lat' dir='ltr'>ubi</span> <span class='ocrx_word' id='word_1_335' title='bbox 2358 4014 2562 4096; x_wconf 89' lang='lat' dir='ltr'>imago</span> <span class='ocrx_word' id='word_1_336' title='bbox 2615 4012 2876 4075; x_wconf 91' lang='lat' dir='ltr'>Domini</span> <span class='ocrx_word' id='word_1_337' title='bbox 2928 4012 3109 4075; x_wconf 90' lang='lat' dir='ltr'>nostri</span> 
     </span>
     <span class='ocr_line' id='line_1_38' title="bbox 1051 4098 3111 4185; baseline 0 -23"><span class='ocrx_word' id='word_1_338' title='bbox 1051 4098 1225 4162; x_wconf 90' lang='lat' dir='ltr'>Ihesu</span> <span class='ocrx_word' id='word_1_339' title='bbox 1256 4100 1482 4165; x_wconf 91' lang='lat' dir='ltr'>Christi</span> <span class='ocrx_word' id='word_1_340' title='bbox 1526 4124 1560 4164; x_wconf 95' lang='lat' dir='ltr'>a</span> <span class='ocrx_word' id='word_1_341' title='bbox 1598 4102 1997 4179; x_wconf 87' lang='lat' dir='ltr'>Nichodemo</span> <span class='ocrx_word' id='word_1_342' title='bbox 2042 4101 2375 4164; x_wconf 92' lang='lat' dir='ltr'>secundum</span> <span class='ocrx_word' id='word_1_343' title='bbox 2417 4104 2547 4165; x_wconf 92' lang='lat' dir='ltr'>eius</span> <span class='ocrx_word' id='word_1_344' title='bbox 2585 4099 2919 4185; x_wconf 74' lang='lat' dir='ltr'>express&#39;am</span> <span class='ocrx_word' id='word_1_345' title='bbox 2950 4099 3111 4163; x_wconf 88' lang='lat' dir='ltr'>fimi-</span> 
     </span>
     <span class='ocr_line' id='line_1_39' title="bbox 1051 4190 3109 4271; baseline 0.001 -19"><span class='ocrx_word' id='word_1_346' title='bbox 1051 4190 1374 4252; x_wconf 87' lang='lat' dir='ltr'>litudinem</span> <span class='ocrx_word' id='word_1_347' title='bbox 1421 4190 1579 4252; x_wconf 68' lang='lat' dir='ltr'>fasta</span> <span class='ocrx_word' id='word_1_348' title='bbox 1625 4207 1917 4271; x_wconf 87' lang='lat' dir='ltr'>narratur,</span> <span class='ocrx_word' id='word_1_349' title='bbox 1962 4192 2037 4254; x_wconf 90' lang='lat' dir='ltr'>ab</span> <span class='ocrx_word' id='word_1_350' title='bbox 2083 4190 2358 4253; x_wconf 91' lang='lat' dir='ltr'>universo</span> <span class='ocrx_word' id='word_1_351' title='bbox 2413 4191 2644 4255; x_wconf 90' lang='lat' dir='ltr'>ibidem</span> <span class='ocrx_word' id='word_1_352' title='bbox 2694 4191 2839 4254; x_wconf 94' lang='lat' dir='ltr'>orbe</span> <span class='ocrx_word' id='word_1_353' title='bbox 2886 4190 3109 4254; x_wconf 87' lang='lat' dir='ltr'>colitur</span> 
     </span>
     <span class='ocr_line' id='line_1_40' title="bbox 1051 4278 1622 4361; baseline -0.007 -19"><span class='ocrx_word' id='word_1_354' title='bbox 1051 4294 1234 4361; x_wconf 89' lang='lat' dir='ltr'>atque</span> <span class='ocrx_word' id='word_1_355' title='bbox 1261 4278 1564 4341; x_wconf 87' lang='lat' dir='ltr'>adoratur.</span> <span class='ocrx_word' id='word_1_356' title='bbox 1595 4304 1622 4338; x_wconf 66' lang='grc' dir='ltr'><strong><em>ι</em></strong></span> 
     </span>
    </p>
   </div>
  </div>
 </body>
</html>
