3620 5680
1101 521 1200 620 46
2039 520 2249 621 (326)

1105 780 1224 841 que
1253 761 1527 824 medicus
1565 762 1640 825 ad
1671 758 2184 826 Constantinum:
2239 786 2265 818 e
2302 758 2533 846 Quaere
2563 780 2755 822 unum
2806 758 3062 838 dolium,
3109 758 3169 821 δι

1108 873 1133 904 ‹
1157 869 1465 932 congrega
1488 872 1704 915 omnes
1721 871 1966 933 pueros,
1984 849 2044 912 &
2066 849 2283 911 occide
2306 870 2431 928 eoS,
2447 849 2507 912 δε
2530 850 2590 910 in
2616 848 2900 932 sanguine
2923 847 3169 910 illorum

1107 962 1133 994 e
1157 935 1466 1001 balneabis
1489 954 1568 1018 te,
1590 938 1650 1001 δε
1669 938 1982 1001 sanaberis,
2010 963 2034 995 ι»
2058 936 2140 999 Et
2155 936 2382 999 facstum
2405 937 2490 999 est
2510 939 2610 999 ita.
2643 937 3013 1020 Congregati
3038 935 3172 998 sunt

1105 1041 1244 1086 ante
1267 1025 1558 1108 palatium
1589 1029 1746 1111 regis
1771 1049 1986 1090 omnes
2017 1028 2208 1107 pueri,
2237 1026 2296 1088 ὅτ
2318 1026 2508 1087 exivit
2530 1046 2654 1104 rex,
2683 1025 2743 1089 ὅτ
2770 1026 2924 1088 vidit
2945 1046 3169 1107 pueros

1103 1135 1247 1175 cum
1269 1116 1565 1177 matribus
1588 1116 1703 1180 suis
1725 1116 2009 1178 flentibus
2033 1116 2092 1178 &
2115 1116 2226 1177 ait:
2264 1140 2288 1172 ‹
2321 1114 2557 1177 Melius
2588 1113 2672 1176 est
2696 1130 2762 1175 ut
2784 1134 2898 1195 ego
2924 1134 3171 1196 peream

1107 1228 1134 1260 <z
1157 1224 1344 1284 quam
1373 1219 1466 1266 tot
1491 1205 1773 1268 homines
1802 1226 1946 1266 cum
1977 1202 2135 1266 filiis.
2173 1228 2197 1260 ι»
2233 1202 2316 1265 Et
2345 1203 2573 1266 sanstum
2602 1201 2688 1264 est
2718 1204 2819 1265 ita.
2863 1199 2994 1264 Illae
3022 1222 3167 1263 vero

1102 1307 1385 1374 rogantes
1434 1292 1646 1355 Deum
1687 1311 1755 1356 ut
1796 1294 1964 1355 daret
2007 1291 2414 1357 Constantino
2458 1290 2730 1371 salutem,
2781 1291 2841 1354 &
2887 1291 3171 1353 exaudita

1104 1380 1190 1441 est
1237 1381 1434 1443 oratio
1497 1381 1840 1444 mulierum.
1899 1380 1982 1443 Et
2031 1382 2295 1464 quadam
2351 1380 2536 1442 ηοᾶε
2584 1380 2795 1442 beatus
2850 1379 3060 1442 Petrus
3110 1378 3171 1441 &

1106 1466 1326 1532 Paulus
1365 1485 1665 1532 venerunt
1706 1473 1779 1532 ad
1822 1470 2317 1547 Constantinum,
2360 1468 2420 1531 &
2450 1469 2736 1531 dixerunt
2764 1469 2820 1530 ei
2852 1468 2999 1530 dum
3030 1469 3171 1529 dor-

1104 1556 1315 1619 miret:
1351 1584 1375 1616 «
1403 1559 1468 1622 O
1498 1559 1922 1637 Constantine,
1951 1579 2152 1641 quaere
2189 1556 2458 1620 sanetum
2480 1555 2853 1637 silvestrum,
2884 1556 3027 1638 quia
3049 1555 3170 1638 ipse

1108 1672 1133 1702 ε
1156 1647 1476 1709 mundabit
1506 1663 1582 1710 te.
1607 1673 1631 1704 2
1670 1646 1865 1709 Mane
1895 1663 2099 1709 autem
2129 1646 2311 1725 fafito,
2341 1643 2779 1710 Constantinus
2809 1645 2962 1706 dixit
2990 1645 3170 1706 matri

1105 1732 1241 1812 suae,
1289 1736 1606 1818 quomodo
1658 1734 1868 1798 Petrus
1919 1735 1979 1798 &
2029 1728 2251 1798 Paulus
2300 1735 2354 1797 ei
2405 1734 2706 1796 dixerunt.
2760 1731 2914 1818 Quo
2960 1733 3169 1794 audito

1103 1823 1309 1905 regina
1349 1823 1546 1906 gavisa
1582 1825 1668 1886 est
1713 1825 1772 1887 δε
1815 1821 2088 1907 quaefivit
2125 1823 2397 1885 san6'tum
2426 1820 2799 1900 Silvestrum,
2844 1820 2904 1883 &
2932 1821 3088 1882 dixit
3115 1823 3170 1882 ei

1105 1913 1423 1993 quomodo
1453 1911 1588 1976 suus
1614 1912 1775 1976 filius
1802 1934 1949 1975 eum
1977 1913 2187 1974 videre
2210 1910 2472 1973 volebat.
2506 1908 2661 1996 Quo
2693 1910 2901 1971 audito
2934 1908 3171 1972 sancitus

1105 1998 1383 2062 Silvester
1423 2002 1728 2082 accipiens
1773 2000 2082 2080 baculum,
2126 2001 2237 2063 ivit
2277 2000 2351 2062 ad
2397 1998 2900 2074 Constantinum3
2943 1999 3043 2060 cui
3088 1998 3171 2060 ait

1107 2087 1573 2151 Constantinus:
1595 2116 1618 2147 α
1645 2090 1710 2153 O
1729 2089 1928 2152 saneto
1952 2087 2231 2150 Silvester
2246 2109 2320 2149 ex
2340 2086 2484 2149 Deo
2503 2085 2843 2164 benedi&e,
2860 2085 2966 2167 qui
2982 2086 3170 2147 hodie

1110 2201 1135 2233 α
1156 2175 1322 2237 suam
1343 2178 1634 2239 virtutem
1656 2180 1718 2240 in
1740 2200 1839 2239 me
1862 2199 1969 2259 per
1993 2194 2053 2239 te
2077 2175 2529 2254 demonstrabit,
2552 2176 2688 2236 sana
2712 2195 2830 2236 me.
2855 2195 2883 2234 »
2912 2174 3033 2238 Cui
3056 2173 3172 2237 Sil-

1106 2263 1298 2327 vester
1327 2264 1664 2348 respondit:
1694 2293 1718 2325 e
1747 2268 1806 2329 Si
1838 2267 2169 2329 credideris
2199 2267 2260 2327 in
2292 2264 2522 2327 Filium
2550 2264 2823 2346 virginis,
2854 2262 3170 2325 sanitatem

1110 2378 1136 2411 ι
1159 2353 1440 2436 accipies.
1472 2379 1496 2411 »
1532 2355 1653 2419 Cui
1685 2354 2157 2420 Constantinus:
2193 2379 2217 2411 ‹
2255 2355 2557 2416 Amorem
2590 2351 2713 2414 Dei
2762 2351 2934 2433 super
2962 2353 3171 2414 omnia

1111 2466 1135 2498 ‹
1160 2439 1366 2522 diligo,
1391 2466 1415 2498 »
1458 2441 1648 2504 Tunc
1677 2441 1914 2505 san6'tus
1943 2440 2223 2505 Silvester
2251 2441 2403 2504 iuffit
2430 2461 2654 2522 aquam
2683 2439 2926 2518 deferri,
2956 2440 3017 2501 in
3049 2461 3172 2521 qua

1106 2529 1442 2611 baptizavit
1469 2551 1632 2609 eum,
1672 2532 1731 2594 &
1768 2530 1941 2594 sanus
1971 2530 2165 2593 faetus
2194 2530 2296 2593 est.
2342 2529 2485 2591 Hoc
2516 2528 2699 2602 ῐαᾶο,
2731 2527 3169 2591 Constantinus

1105 2615 1261 2679 dixit
1286 2616 1491 2679 sancito
1521 2616 1830 2680 Silvestro:
1879 2645 1904 2676 «
1943 2616 2120 2704 Quid
2149 2618 2242 2680 vis
2272 2632 2339 2678 ut
2367 2615 2508 2678 dem
2538 2616 2688 2677 tibi?
2719 2640 2744 2672 ›
2780 2615 2902 2679 Cui
2932 2613 3170 2676 sanetus

1105 2702 1416 2767 Silvester:
1452 2730 1477 2761 ‹
1507 2705 1687 2767 Nihil
1708 2707 1871 2769 aliud
1899 2722 2063 2788 pet0,
2084 2702 2191 2768 nifi
2216 2703 3006 2785 sanetorumapostolorum
3030 2723 3170 2765 cor-

1111 2817 1135 2850 «
1159 2812 1325 2874 pora.
1356 2816 1380 2850 2
1418 2790 1573 2879 Quo
1602 2794 1833 2873 auditu,
1863 2793 2300 2859 Constantinus
2322 2791 2608 2855 abstraxit
2640 2811 2900 2875 corpora
2927 2790 3171 2874 aposto-

1107 2880 1310 2942 lorum
1333 2882 1408 2942 de
1425 2897 1634 2963 pute0,
1656 2882 1716 2945 δε
1736 2882 1935 2944 statim
1960 2881 2159 2964 posuit
2178 2902 2251 2943 ea
2268 2882 2331 2943 in
2356 2882 2593 2964 optimo
2619 2881 2759 2943 loco
2777 2901 2922 2943 cum
2945 2901 3168 2963 magno

1103 2970 1329 3052 gaudio
1345 2970 1405 3033 δι
1421 2971 1672 3033 honore.
1698 2970 1839 3033 Post
1851 2972 1983 3033 haec
2002 2972 2245 3034 vocavit
2261 2969 2396 3033 suos
2420 2968 2663 3047 militeS,
2695 2970 2905 3031 dicens
2935 2968 2990 3031 se
3007 2989 3170 3031 mare

1106 3055 1351 3120 transire
1374 3058 1554 3137 velle,
1585 3059 1645 3122 δε
1666 3060 1877 3121 omnia
1898 3081 2035 3142 quae
2056 3059 2305 3120 haberet
2328 3059 2387 3119 in
2410 3059 2526 3120 hac
2551 3074 2737 3140 parte,
2760 3056 2963 3120 san&o
2988 3056 3167 3120 Petro

1106 3148 1414 3225 daturum,
1455 3147 1516 3223 δε
1555 3149 1639 3211 ita
1680 3148 1910 3210 saelum
1947 3146 2049 3209 est.
2093 3146 2405 3209 Tranfivit
2435 3167 2598 3208 mare
2629 3147 2686 3208 δι
2727 3146 2872 3208 fecit
2901 3145 3170 3231 Constan-

1104 3235 1400 3317 tinopolim,
1459 3237 1621 3298 unde
1681 3236 1964 3298 Saraceni
2019 3235 2370 3317 congregati
2432 3235 2598 3297 ibant
2668 3255 2811 3296 eum
2860 3234 3168 3296 debellari.

1108 3322 1544 3387 Constantinus
1587 3341 1792 3387 autem
1832 3326 1954 3385 hoc
1983 3324 2255 3402 audiens,
2307 3323 2513 3386 timuit
2538 3322 2715 3386 valde
2729 3350 2747 3400 ;
2790 3321 2887 3384 sed
2919 3322 3168 3406 angelus

1110 3410 1368 3474 Domini
1399 3413 1582 3474 nocte
1611 3413 1882 3490 veniens,
1911 3413 2113 3494 inquit
2140 3413 2196 3473 ei
2223 3434 2236 3474 z
2274 3439 2297 3470 ‹
2328 3412 2481 3494 Noli
2525 3415 2760 3491 timere,
2808 3412 2973 3495 quia,
3021 3410 3167 3472 dum

1110 3526 1135 3557 ‹
1166 3500 1493 3584 ingrederis
1533 3501 1783 3580 bellum,
1821 3501 2055 3563 videbis
2084 3500 2317 3582 {ignum
2345 3501 2545 3563 crucis
2575 3501 2637 3562 in
2667 3501 2854 3579 coelo,
2895 3500 2952 3561 δι
2985 3499 3168 3562 facies

1110 3615 1136 3648 ι
1160 3587 1307 3651 illud
1339 3590 1401 3650 in
1424 3588 1654 3669 lancea,
1682 3589 1742 3652 &
1769 3589 2009 3653 securus
2039 3591 2358 3671 ingredere
2390 3591 2641 3669 bellum,
2671 3590 2731 3653 &
2758 3588 3011 3652 habebis
3039 3588 3169 3648 vic-

1110 3704 1137 3736 «
1166 3678 1406 3739 toriam.
1443 3702 1467 3733 2
1515 3676 1598 3740 Et
1626 3679 1710 3741 ita
1751 3678 1981 3740 fastum
2011 3679 2113 3759 est,
2163 3679 2222 3741 ὅτ
2266 3680 2497 3742 occidit
2544 3679 2771 3742 multos
2814 3677 3166 3743 Saracenos.

1106 3766 1251 3828 Hoc
1288 3766 1555 3848 pera6’t0,
1603 3764 1760 3829 mifit
1782 3767 2088 3829 Helenam
2118 3783 2374 3830 matrem
2403 3767 2568 3831 suam
2597 3768 3075 3856 Hierosolymam,
3102 3779 3170 3826 ut

1106 3869 1405 3938 quaereret
1435 3876 1685 3918 crucem
1713 3854 1995 3918 Domini.
2028 3857 2192 3921 Cum
2210 3872 2415 3919 autem
2430 3857 2675 3920 intravit
2701 3855 3169 3945 Hierosolymam,

1105 3944 1474 4006 convocavit
1525 3965 1740 4007 omnes
1781 3943 2023 4007 Iudaeos
2074 3945 2133 4007 &
2176 3945 2351 4026 petiit
2389 3968 2677 4009 crucem:
2739 3946 2844 4029 qui
2884 3945 3171 4006 dixerunt

1106 4029 1162 4092 se
1184 4030 1430 4095 nescire.
1456 4034 1544 4096 At
1566 4033 1670 4096 illa
1690 4036 1801 4097 ait:
1839 4061 1863 4093 e
1896 4032 2011 4097 Per
2035 4033 2266 4113 Deum,
2295 4034 2399 4116 qui
2425 4057 2523 4097 me
2546 4035 2709 4113 fecit,
2738 4031 2847 4096 nifi
2870 4054 3006 4095 eam
3031 4034 3169 4094 red-

1111 4145 1136 4177 «
1160 4118 1334 4200 detis,
1355 4142 1466 4184 vos
1484 4144 1698 4186 omnes
1714 4125 2015 4186 occidam.
2039 4148 2063 4180 »
2087 4122 2243 4209 Quo
2267 4124 2476 4186 audito
2495 4123 2849 4206 quaerebant
2871 4122 3169 4204 inducias,

1107 4207 1167 4270 δι
1204 4210 1492 4272 conceffit
1533 4211 1718 4296 usque
1760 4214 1824 4275 in
1867 4213 2031 4275 diem
2071 4211 2439 4294 sequentem.
2483 4211 2673 4275 Iudaei
2719 4201 3167 4274 sciscitabantur

1107 4299 1181 4359 ad
1212 4299 1497 4379 invicem,
1545 4298 1588 4362 fi
1630 4302 1768 4386 quis
1806 4300 1986 4364 sciret
2024 4301 2128 4363 ubi
2158 4299 2319 4365 effet.
2368 4301 2661 4365 Tandem
2703 4321 2879 4377 unuS,
2915 4299 3167 4363 nomine
