3620 5680
133 1211 264 1259 2520,
288 1197 379 1243 col.
402 1212 434 1243 2

128 2529 259 2592 252b,
283 2531 373 2577 col.
403 2544 427 2577 1

1392 453 1399 462 s

1389 505 1598 599 (417)
2385 520 2516 603 ¹39

461 761 651 823 quum
683 737 812 823 (stc)
841 738 1192 801 hominibus
1228 737 1520 822 loquendi
1551 738 1819 801 facerent
1856 738 2375 810 consuetudinem.
2410 740 2518 804 Est

460 830 626 889 enim
655 826 822 888 mille
852 824 1124 909 passuum
1154 826 1494 911 longitudo.
1526 825 1817 890 Docebat
1844 829 2009 890 enim
2039 850 2139 892 eas
2174 828 2407 912 semper
2441 830 2516 894 de

458 916 782 982 virtutibus
813 915 872 978 &
903 915 1251 977 obedientia
1252 962 1344 977 .....
1382 941 1405 971 »

814 1049 928 1115 [Hic
947 1048 1047 1117 piis
1073 1049 1304 1117 virgines
1333 1050 1562 1103 Melania
1584 1049 2006 1105 exhortationibus
2017 1049 2211 1134 βῆξαι]

549 1216 573 1246 ‹
603 1186 903 1271 Regulam
926 1209 1070 1249 vero
1092 1187 1411 1251 nocturnis
1435 1189 1815 1270 temporibus
1837 1187 2047 1271 ha[n]c
2070 1188 2423 1267 instituerat,
2454 1204 2523 1253 ut

462 1276 584 1339 fine
614 1275 1047 1338 intermissione
1092 1276 1485 1357 conpleretur
1521 1277 1913 1359 responsuria,
1961 1295 2082 1339 tres
2124 1276 2417 1340 leitiones
2460 1276 2521 1339 δε

461 1387 606 1429 cum
635 1365 916 1427 matutini
945 1363 1181 1442 fierent,
1210 1365 1562 1447 quindecim
1591 1366 1879 1428 antifone.
1914 1364 2161 1428 Deinde
2192 1366 2311 1432 diei
2342 1367 2522 1432 tertia

462 1476 638 1516 orare
687 1453 942 1514 omnino
973 1454 1116 1535 quia
1143 1454 1205 1515 in
1252 1452 1376 1535 ipsa
1401 1457 1555 1516 hora
1594 1453 1849 1536 Spiritus
1896 1452 2149 1515 Sanctus
2193 1451 2521 1522 descendit.

461 1541 547 1605 Et
576 1542 737 1604 sexta
760 1541 1053 1623 precipue
1100 1542 1244 1624 quia
1266 1542 1327 1602 in
1353 1541 1476 1623 ipsa
1495 1543 1650 1603 hora
1670 1540 1868 1605 fidelis
1891 1543 2246 1604 Abrahaam
2269 1541 2523 1624 suscepit

461 1628 729 1713 angelos.
770 1630 961 1692 Nona
987 1651 1134 1691 vero
1181 1631 1323 1712 quia
1364 1630 1424 1692 in
1457 1630 1577 1713 ipsa
1605 1629 1857 1692 claudus
1894 1629 2065 1693 sanus
2094 1628 2345 1696 effestus
2374 1631 2459 1694 est
2488 1652 2524 1694 a

461 1719 674 1781 sanEtis
717 1717 1002 1800 apostolis
1045 1718 1105 1780 &
1142 1719 1327 1780 etiam
1368 1720 1462 1784 vir
1507 1716 1939 1782 defideriorum
1976 1717 2207 1781 Daniel
2250 1719 2371 1780 iam
2402 1721 2523 1801 pri-

464 1808 605 1871 dem
637 1807 863 1869 docens
894 1806 1008 1867 tria
1038 1821 1315 1886 tempora
1357 1828 1464 1888 per
1494 1807 1658 1869 diem
1688 1808 1916 1870 orabat.
1962 1807 2339 1872 Lucernaria
2373 1828 2522 1869 vero

461 1893 904 1976 consequenter
934 1895 1076 1977 quia
1120 1893 1252 1975 post
1292 1894 1822 1958 Resurrectionem
1866 1917 1900 1957 a
1947 1896 2206 1959 mortuis
2250 1895 2523 1960 Christus

464 1984 771 2067 profestus
799 2003 942 2045 cum
973 1981 1175 2043 sancito
1209 1982 1448 2064 Cleopa
1476 1983 1643 2046 circa
1678 1983 1815 2045 solis
1852 1984 2133 2046 occasum
2163 1984 2217 2046 se
2248 1984 2524 2048 manifes-

463 2073 629 2136 tabat
671 2072 729 2134 &
772 2069 1085 2133 Dominus
1135 2070 1366 2133 mistice
1411 2071 1620 2135 dicens
1658 2074 1719 2134 in
1766 2072 1979 2135 sancitis
2025 2071 2354 2155 evangeliis
2402 2072 2525 2134 hoc

462 2159 934 2237 demonstrabat,
975 2161 1294 2241 quomodo
1343 2162 1550 2224 exiens
1598 2161 2029 2243 paterfamilias
2059 2161 2260 2223 locare
2303 2181 2523 2243 opera-

461 2249 609 2328 ri08,
637 2249 699 2312 in
728 2248 970 2308 vineam
1000 2246 1185 2326 suam,
1222 2249 1386 2312 circa
1414 2250 1632 2311 horam
1663 2252 1927 2329 tertiam,
1961 2250 2186 2312 sextam
2211 2248 2271 2310 &
2298 2270 2526 2311 nonam

462 2337 525 2399 &
547 2338 711 2398 circa
733 2335 1122 2397 undecimam
1145 2357 1250 2398 eos
1276 2354 1595 2400 convocat.
1614 2338 1757 2400 Hoc
1780 2339 1962 2402 etiarn
1987 2338 2230 2401 sabbato
2251 2337 2312 2400 δε
2327 2338 2528 2399 domi-

461 2424 682 2494 nico&
703 2425 766 2486 in
783 2426 995 2487 diebus
1016 2425 1174 2488 festis
1205 2425 1500 2488 celebrari
1533 2427 1826 2489 monebat
1855 2427 2097 2489 dicens:
2134 2452 2158 2483 «
2190 2427 2246 2489 Si
2276 2447 2384 2508 per
2413 2426 2528 2490 sm—

468 2541 494 2571 «
528 2512 704 2597 gulos
743 2514 871 2576 dies
915 2515 1113 2575 oratio
1161 2514 1324 2576 bona
1364 2515 1468 2593 est,
1510 2516 1707 2576 multo
1747 2516 1938 2597 magis
1969 2516 2031 2576 in
2063 2513 2528 2579 Resurrefitione

467 2629 493 2660 «
531 2602 793 2666 Domini
822 2601 1006 2665 nostri
1041 2604 1240 2664 oratio
1270 2601 1593 2665 necessaria
1635 2603 1761 2682 est,
1788 2604 1934 2685 quia
1973 2602 2209 2666 facilius
2253 2604 2315 2665 in
2354 2601 2528 2665 exul-

467 2716 493 2747 ‹<
532 2691 760 2756 tatione
803 2691 1162 2774 angelorum
1204 2691 1263 2753 &
1310 2690 1655 2754 &mistorum
1707 2713 1918 2773 preces
1957 2692 2304 2754 orationum
2344 2712 2528 2757 exau-

468 2802 494 2833 «
532 2777 799 2842 diuntur.
834 2805 859 2837 ›

548 2894 572 2925 α
624 2869 683 2932 Si
715 2886 920 2932 autem
951 2869 1011 2932 ὅτ
1039 2870 1368 2953 aliquando
1399 2867 1745 2953 contigisset
1772 2891 1874 2932 eas
1910 2868 2105 2932 nimio
2136 2869 2346 2933 labore
2375 2869 2533 2953 vigi-

460 2956 683 3021 liarum
722 2960 836 3022 effe
876 2961 1149 3044 fatigatas
1180 2959 1239 3022 ὅτ
1269 2959 1383 3020 hec
1406 2960 1733 3021 beatiffima
1761 2960 1999 3020 miserta
2024 2979 2235 3020 earum
2265 2958 2532 3041 aliquam

461 3048 742 3129 requiem
788 3049 874 3111 eis
918 3048 1281 3130 indulgeret,
1327 3048 1448 3128 ipse
1493 3047 1694 3128 puelle
1746 3062 2000 3128 propter
2050 3045 2345 3111 salubrem
2403 3048 2532 3110 eius

462 3137 806 3198 dostrinam
835 3137 895 3199 &
922 3137 1178 3198 nimiam
1206 3137 1473 3199 caritatis
1505 3134 2101 3217 mansuetuxdine[m],
2129 3157 2315 3218 quam
2346 3137 2407 3197 in
2433 3156 2533 3198 eas

462 3224 836 3305 ostendebat,
866 3247 991 3287 non
1021 3225 1126 3287 fibi
1168 3224 1501 3306 parcebant
1528 3223 1800 3286 dicentes
1831 3224 1922 3285 ei:
1971 3249 1996 3280 ι
2034 3222 2093 3285 Si
2128 3223 2249 3305 ipsa
2287 3245 2432 3285 cum
2461 3220 2532 3284 fis

467 3340 493 3370 α
532 3330 723 3376 mater
749 3314 951 3376 nostra
978 3313 1037 3376 &
1067 3314 1318 3375 domina
1344 3335 1470 3375 non
1509 3311 1952 3395 preter[mittis]
1986 3313 2163 3374 nobis
2192 3310 2534 3393 corporalia

469 3428 495 3457 α
533 3400 890 3480 ministrare,
927 3402 987 3465 ὅτ
1024 3423 1137 3464 nos
1168 3422 1356 3484 quare
1385 3423 1509 3462 non
1541 3403 1731 3484 magis
1771 3400 1917 3463 Deo
1962 3400 2021 3463 ὅτ
2065 3400 2183 3463 tuis
2228 3402 2533 3482 preceptis

468 3517 494 3548 «
534 3492 1028 3572 obtemperemus
1048 3516 1072 3547 »
1089 3489 1110 3552 ?
1128 3489 1213 3552 Et
1228 3491 1404 3552 beata
1417 3490 1532 3552 hec
1551 3491 1801 3555 audiens
1827 3489 2253 3571 congaudebat
2269 3489 2375 3567 eis,
2392 3490 2535 3573 quia

462 3581 530 3643 in
578 3601 752 3642 aures
800 3579 1180 3641 audientium
1223 3578 1282 3640 &
1331 3576 1819 3661 intellegentium
1855 3577 2241 3661 loquebatur.
2293 3576 2535 3649 Hedifi-

463 3670 629 3730 cavit
657 3683 857 3729 autem
889 3668 977 3730 eis
1015 3668 1350 3730 oratorium
1395 3668 1456 3728 in
1496 3667 1864 3729 monasterio
1910 3666 1968 3728 &
1996 3666 2203 3729 statuit
2230 3667 2312 3728 ibi
2348 3666 2536 3728 altare

463 3773 539 3819 ut
578 3757 799 3819 divinis
840 3755 1115 3818 misteriis
1159 3759 1517 3818 fruerentur.
1567 3754 1863 3838 Exceptis
1906 3756 2071 3816 enim
2115 3756 2327 3819 diebus
2377 3754 2536 3819 festis

463 3843 931 3908 celebraverunt
955 3845 1042 3907 eis
1063 3866 1185 3906 una
1213 3843 1444 3907 oblatio
1471 3843 1602 3929 (stc)
1623 3844 1721 3906 die
1747 3843 2056 3922 PassioniS,
2079 3845 2244 3926 quod
2270 3842 2355 3904 est
2377 3842 2538 3909 sexta

464 3933 639 4012 feria,
686 3932 745 3995 &
789 3954 908 3994 una
936 3932 1135 3995 sanae
1166 3931 1664 3995 ResurrectioniS.
1713 3931 1920 3994 Posuit
1956 3954 2103 3994 vero
2134 3933 2218 3997 ibi
2251 3932 2537 4015 reliquias

465 4022 813 4083 sancitorum
860 4023 1158 4085 Zaccarie
1203 4022 1501 4104 prophete
1547 4020 1606 4083 &
1649 4020 1937 4103 Stephani
1990 4021 2435 4103 protomartiris
2478 4019 2538 4089 δι

468 4109 816 4177 sanctorum
875 4109 1324 4195 Quadraginta,
1375 4131 1494 4191 que
1544 4108 1676 4173 sunt
1724 4109 1986 4172 Sebastie
2029 4109 2088 4172 &
2137 4109 2537 4199 reliquorum,

470 4220 739 4282 quorum
767 4201 1021 4262 nomina
1050 4198 1304 4281 longum
1335 4198 1419 4262 est
1446 4198 1705 4260 edicere.

559 4309 588 4351 a
633 4285 920 4355 Faciebat
956 4305 1161 4351 autem
1205 4303 1272 4350 ut
1313 4288 1376 4351 in
1415 4286 1515 4349 die
1554 4286 1826 4369 legerent
1867 4301 1989 4349 tres
2017 4285 2333 4366 lectiones,
2361 4286 2446 4351 ita
2473 4302 2538 4348 ut
