3620 5680
1071 524 1208 600 260
1977 528 2053 620 (s.
2077 528 2200 622 Vl)

1066 764 1125 826 &
1154 765 1480 844 impetrata
1509 762 1713 825 tabula
1737 785 1770 825 a
1796 765 2051 826 domino
2078 765 2415 845 patriarcha
2434 763 2985 845 lherosolimitano,
3000 788 3137 830 eam

1063 853 1265 915 secum
1309 854 1379 913 ad
1424 852 1589 913 suam
1625 849 1940 914 eccleliam
1985 852 2422 935 transportavit.
2481 855 2732 917 Accidit
2773 871 2977 917 autem
3015 858 3136 918 hoc

1064 964 1225 1004 anno
1256 940 1692 1022 incarnationis
1722 940 2051 1003 dominicae
2082 957 2234 1003 ccco
2263 957 2437 1004 Lxx0.
2463 967 2487 999 ›>

1207 1050 1548 1117 [Burchardus
1599 1050 2002 1119 ArgentinenfiS,
2056 1054 2157 1103 Iter
2194 1054 2268 1103 ad
2309 1049 2521 1103 ‘Terram
2557 1055 2786 1106 SanHam
2830 1053 3139 1123 (Serapeum,

1062 1145 1099 1184 t·
1127 1134 1272 1196 ΧΙΧ,
1302 1148 1386 1200 PP-
1420 1131 1720 1198 153-154)·]

1146 1279 1173 1311 «
1212 1253 1366 1314 Haec
1389 1251 1595 1313 tabula
1625 1251 2092 1337 Constantinopoli
2117 1253 2275 1316 faita
2304 1256 2418 1316 fuit
2454 1253 2513 1315 &
2558 1255 2803 1336 depiE’ta
2830 1257 2889 1319 &
2918 1279 2951 1319 a
2982 1280 3138 1340 quo-

1065 1345 1205 1405 dam
1232 1342 1570 1424 patriarcha
1588 1340 2149 1424 Hierosolymitano
2173 1343 2235 1404 in
2254 1344 2631 1432 Hierusalem
2651 1345 2938 1408 transsata.
2957 1347 3138 1409 Hanc

1065 1431 1334 1494 tabulam
1368 1430 1544 1512 petiit
1575 1431 1855 1513 quaedam
1895 1429 2179 1494 abbatiffa
2211 1432 2480 1513 praediffi
2513 1433 2656 1510 loci,
2682 1433 2741 1495 δι
2771 1435 3139 1516 impetravit,

1065 1521 1124 1583 &
1153 1520 1356 1582 secum
1387 1519 1624 1581 detulit.
1654 1544 1680 1575 x

1208 1627 1676 1698 [Pseudo-Iacobus
1699 1628 1938 1694 Vitriac.,
1960 1629 2174 1696 Hzstoria
2196 1630 2402 1696 Orient.,
2430 1632 2459 1684 l.
2483 1634 2558 1684 ΙΙΙ
2580 1633 2863 1702 (BongarS,
2883 1634 3025 1702 Gesta
3043 1633 3143 1686 Dei

1061 1720 1151 1778 per
1177 1711 1408 1771 Francos,
1431 1708 1476 1770 Ι,
1500 1724 1553 1775 p.
1583 1709 1783 1775 1126).]

1150 1848 1174 1879 α
1212 1821 1537 1902 Tempore
1568 1842 1692 1902 quo
1736 1821 1944 1886 Graeci
1976 1822 2035 1884 &
2067 1824 2341 1907 Armenij
2376 1824 2598 1905 Syriam
2635 1841 2983 1907 tenuerunt,
3027 1830 3141 1891 fuit

1065 1910 1344 1995 quaedam
1373 1908 1741 1971 heremitiffa
1769 1908 1890 1973 five
1917 1934 2126 1973 nonna
2148 1933 2182 1973 a
2210 1911 2412 1975 seculo
2440 1931 2696 1992 remota,
2714 1914 2858 1977 Deo
2878 1916 3138 1981 serviens

1064 1998 1136 2060 ad
1167 1998 1266 2060 sex
1293 1998 1500 2081 leugas
1524 2000 1830 2089 Damasci,
1849 2002 2010 2081 apud
2036 2000 2243 2062 locum
2268 2002 2372 2083 qui
2397 2001 2623 2063 dicitur
2646 2003 2946 2067 Sardenai.
2973 2004 3141 2091 Quae

1066 2088 1417 2171 peregrinos
1449 2088 1816 2151 transeuntes
1860 2089 1933 2151 ad
1965 2088 2349 2171 sepulchrum
2388 2089 2652 2152 Domini
2688 2091 2950 2173 hospitio
2980 2095 3137 2156 reci·

1065 2177 1290 2259 piebat,
1319 2176 1378 2238 δι
1408 2197 1517 2258 pro
1550 2177 1713 2260 poffe
1744 2178 1832 2240 eis
1878 2179 2099 2240 devote
2132 2177 2519 2241 ministrabat.
2564 2181 2925 2243 Adveniens
2956 2184 3139 2265 igitur

1065 2267 1316 2350 quidam
1337 2286 1568 2347 graecus
1590 2266 1927 2329 monachus
1952 2267 2027 2328 de
2044 2267 2525 2349 Constantinopoli,
2543 2270 2831 2330 tendebat
2855 2271 2926 2330 ad
2943 2271 3142 2352 sepul-

1064 2356 1282 2418 chrum
1315 2354 1596 2417 Domini.
1643 2356 1956 2437 Receptus
1994 2357 2079 2417 est
2108 2356 2181 2417 ab
2213 2355 2316 2417 illa
2344 2355 2403 2418 &
2439 2357 2647 2420 multis
2679 2358 2959 2438 precibus
2993 2381 3141 2420 exo-

1061 2459 1225 2506 ratus
1255 2459 1324 2505 ut
1350 2445 1412 2506 in
1442 2445 1639 2507 reditu
1675 2466 1862 2507 unam
1889 2446 2239 2528 ymaginem
2277 2445 2467 2508 beatae
2497 2447 2766 2528 Virginis
2798 2448 3055 2508 deferret
3084 2447 3138 2507 ei

1065 2532 1373 2613 depictam
1411 2533 1473 2594 in
1506 2533 1726 2594 tabula.
1774 2534 2015 2596 Annuit
2050 2536 2389 2596 monachus
2431 2533 2592 2595 illius
2624 2535 2925 2616 petitioni.
2973 2535 3140 2598 Cum

1066 2636 1271 2682 autem
1312 2637 1731 2700 reverteretur,
1773 2624 1895 2684 iam
1935 2620 2193 2705 egreffus
2231 2623 2304 2683 ab
2345 2622 2738 2711 lherosolimis,
2768 2623 2995 2686 oblitus
3026 2625 3141 2685 suae

1067 2709 1495 2792 promissionis,
1524 2712 1758 2775 audivit
1795 2733 2014 2773 vocem
2048 2708 2152 2772 fibi
2186 2711 2515 2790 dicentem,
2544 2734 2622 2773 ne
2658 2714 2740 2773 ita
2779 2714 2942 2773 suam
2975 2714 3139 2794 parvi

1067 2798 1363 2881 penderet
1406 2799 1873 2881 promiffionem.
1908 2798 2040 2885 Qui
2088 2800 2284 2861 statim
2314 2801 2387 2861 ad
2420 2800 2732 2862 civitatem
2770 2803 3141 2885 regredienS,

1068 2888 1540 2971 pulcherrimam
1570 2886 1675 2950 fibi
1706 2889 1900 2950 beatae
1925 2889 2148 2950 Mariae
2178 2890 2561 2970 comparavit
2588 2892 2957 2973 ymaginem.
2991 2917 3013 2946 »

1208 2997 1559 3068 [AnonymuS‚
1570 3000 1647 3051 De
1657 2998 1875 3065 imagine
1889 2999 1935 3050 b.
1947 2998 2141 3050 Μανία
2154 2999 2216 3048 de
2225 2999 2497 3066 Sardenay‚
2510 3000 2561 3062 ἓρ
2578 3017 2597 3049 1
2607 3016 2681 3064 -3;
2691 3016 2772 3067 ap.
2786 3001 2856 3053 G.
2868 3000 3145 3070 Raynaud,

1067 3079 1132 3130 Le
1149 3075 1367 3130 Miracle
1391 3080 1453 3129 de
1477 3078 1544 3131 N.
1571 3080 1636 3132 D.
1658 3080 1718 3128 de
1746 3078 1997 3130 Sardenai
2022 3077 2306 3145 (Romania,
2332 3090 2367 3128 t.
2390 3081 2485 3142 XI,
2517 3083 2670 3142 1882,
2694 3096 2742 3147 p.
2774 3080 2929 3148 522);
2951 3079 3014 3131 cf.
3041 3081 3141 3132 Al-

1067 3157 1260 3210 bericus
1288 3158 1588 3224 monachus»,
1620 3156 2109 3227 Chroniconjffertz,
2141 3160 2277 3210 Mon.
2307 3159 2498 3222 Germ„
2524 3159 2723 3224 XXIII,
2756 3177 2803 3228 p.
2833 3177 2896 3224 93
2906 3163 2982 3227 5);
3011 3162 3143 3212 Ger-

1067 3238 1224 3290 vafius
1257 3238 1602 3303 TilberienHS,
1641 3238 1759 3291 Otia
1795 3237 2058 3306 imperiala
2093 3238 2373 3306 (Leibnitz,
2404 3238 2667 3305 Scriptores
2698 3257 2867 3291 rerum
2889 3241 3144 3308 Brunsvi-

1067 3318 1284 3386 cenfium,
1311 3320 1356 3383 1,
1380 3337 1427 3388 1>-
1458 3320 1627 3389 975)·]

1154 3459 1179 3490 α
1214 3432 1537 3514 Tempore
1568 3431 1674 3493 illo
1704 3454 1849 3494 cum
1875 3431 2083 3496 Graeci
2115 3448 2337 3495 terram
2370 3433 2807 3510 inhabitabant,
2837 3433 2951 3493 fuit
2979 3432 3139 3513 apud

1070 3523 1450 3610 Damascum,
1480 3521 1879 3601 metropolim
1911 3521 2089 3604 Syriae
2119 3523 2453 3601 civitatem,
2476 3523 2758 3605 quaedam
2782 3519 3141 3582 venerabilis

1071 3614 1348 3674 matrona
1388 3608 1863 3672 sanctimonialis
1906 3611 2184 3672 habitum
2223 3611 2566 3694 suscipiens·
2606 3611 2889 3673 Domino
2921 3610 3142 3670 devote

1072 3700 1288 3763 servire
1323 3698 1601 3761 studebat
1639 3699 1696 3760 &
1738 3715 1804 3761 ut
1847 3699 2098 3763 liberius
2138 3701 2361 3765 divinis
2403 3701 2706 3784 obsequiis
2737 3721 2989 3762 vaccare
3030 3721 3143 3780 po-

1073 3788 1291 3866 tuiffet,
1320 3787 1567 3849 civilem
1611 3787 1923 3850 declinans
1966 3788 2319 3868 tumultum,
2364 3789 2528 3851 sexto
2567 3790 2829 3852 miliario
2870 3788 2945 3849 ab
2990 3787 3142 3848 urbe

1075 3878 1360 3961 praedi&a
1403 3875 1628 3938 seceffit
1657 3878 1729 3939 ad
1763 3877 1972 3939 locum
2003 3894 2151 3940 tunc
2188 3880 2482 3961 temporis
2514 3879 2820 3961 Sardanay
2856 3877 3142 3939 nomina-

1074 3983 1227 4046 tum,
1254 3967 1462 4049 ibique
1495 3967 1751 4027 domum
1783 3966 1843 4028 δε
1873 3968 2211 4028 oratorium
2257 3968 2318 4028 in
2354 3968 2594 4028 honore
2626 3967 2752 4029 Dei
2798 3964 3142 4031 Genitricis

1073 4053 1402 4133 aedificans,
1424 4055 1846 4137 hospitalitatis
1877 4056 2150 4117 officium
2182 4056 2553 4139 pauperibus
2582 4056 2641 4118 &
2664 4055 2997 4138 peregrinis
3028 4054 3144 4114 mi-

1072 4135 1373 4207 nistrabat.
1406 4144 1690 4228 Contigit
1718 4167 1867 4228 ergo
1899 4160 1966 4207 ut
2002 4145 2252 4227 quidam
2281 4146 2624 4208 monachus
2655 4145 2729 4206 de
2760 4143 3143 4228 Constantino-

1066 4235 1325 4318 politana
1353 4235 1500 4296 urbe
1530 4256 1672 4296 cum
1702 4234 1877 4296 causa
1905 4235 2200 4296 orationis
2222 4233 2281 4296 &
2302 4234 2634 4296 devotione
2665 4232 2823 4294 sacra
2846 4231 2983 4293 loca
3006 4228 3143 4293 vifi-

1076 4324 1262 4404 tandi,
1294 4323 1719 4415 Iherosolymam
1750 4339 2052 4408 pergeret,
2088 4323 2391 4408 susceptus
2428 4323 2513 4387 est
2540 4346 2574 4386 a
2611 4319 3053 4385 sanctimoniali
3076 4321 3142 4384 in
