3620 5680
1081 527 1175 602 86

2002 533 2215 627 (395)

1360 758 1576 827 impetus
1594 759 1838 825 laetificat,
1862 777 1978 829 quae
1995 759 2044 812 in
2066 771 2239 813 monte
2259 760 2347 813 sxta
2366 761 2518 814 celari
2538 779 2639 813 non
2659 763 2820 830 potest
2845 804 2855 815 .
2884 803 2895 815 .
2918 804 2928 815 .
2959 763 3138 833 Neque

1364 856 1482 890 vero
1501 838 1599 891 hoc
1614 839 1802 902 dicens,
1831 839 2179 908 memetipsum
2203 841 2544 893 inconstantiae
2565 842 2831 910 redargue,
2851 843 3140 911 damnoque

1364 919 1501 988 quod
1528 918 1676 984 facio,
1716 932 1770 971 ut
1794 921 1968 973 frustra
1995 921 2168 973 videar
2206 922 2276 973 ad
2304 921 2584 991 exemplum
2624 922 2896 974 Abraham
2924 923 2971 973 &
3001 939 3140 974 meos

1364 999 1411 1049 &
1431 998 1639 1068 patriam
1661 999 1923 1069 reliquifl'e;
1950 1000 2032 1052 sed
2063 1018 2163 1053 non
2185 1001 2351 1053 audeo
2370 1001 2469 1054 Dei
2486 1000 2903 1069 omnipotentiam
2929 1002 3140 1071 angusto

1363 1076 1461 1130 fine
1485 1078 1798 1145 concludere,
1839 1081 1886 1131 &
1911 1081 2164 1132 coarftare
2189 1098 2345 1149 parvo
2388 1091 2533 1132 terrae
2557 1081 2671 1133 loco
2698 1098 2852 1150 quem
2879 1098 2978 1134 non
3005 1082 3141 1152 capit

1365 1157 1547 1209 coelum
1580 1197 1592 1210 .
1613 1197 1624 1210 .
1649 1198 1659 1209 .
1696 1158 1873 1211 Crucis
1898 1158 2049 1228 igitur
2072 1161 2121 1212 δι
2149 1159 2543 1212 Κείῖιηεὲὶίοηὶε
2568 1160 2679 1213 loca
2707 1160 2911 1230 prosunt
2936 1160 3030 1227 his,
3053 1162 3140 1229 qui

1368 1249 1573 1305 portant
1604 1255 1802 1290 crucem
1838 1238 1974 1290 suam
2019 1240 2068 1291 δι
2119 1255 2233 1291 cum
2266 1239 2463 1292 Christo
2497 1241 2758 1309 resurgunt
2785 1239 3027 1309 quotidie,
3054 1239 3141 1307 qui

1365 1316 1546 1385 dignos
1575 1317 1621 1369 se
1655 1330 1796 1369 tanto
1830 1317 2063 1370 exhibent
2097 1318 2390 1371 habitaculo
2423 1358 2433 1370 .
2462 1358 2510 1371 ..
2546 1360 2557 1371 .
2602 1319 2864 1372 Antonius
2889 1322 2937 1372 &
2963 1319 3144 1372 cuneta

1368 1397 1564 1466 AEgspti
1586 1399 1631 1449 &
1652 1397 2024 1465 Mesopotamiae,
2055 1398 2200 1462 Ponti,
2226 1398 2543 1466 Cappadociae
2569 1401 2614 1450 &
2643 1399 2887 1452 Armeniae
2915 1400 3141 1451 examina

1360 1478 1719 1529 monachorum
1765 1494 1866 1529 non
1911 1476 2139 1529 viderunt
2163 1477 2512 1546 lerosolymam,
2552 1480 2600 1530 &
2638 1490 2814 1547 patent
2837 1478 2931 1530 illis
2956 1479 3145 1548 absque

1365 1558 1460 1610 hac
1478 1559 1602 1609 urbe
1618 1557 1837 1610 Paradifi
1858 1557 2033 1609 ianuae.
2060 1557 2247 1609 Beatus
2266 1557 2511 1623 Hilarion,
2531 1576 2687 1628 quum
2709 1558 3000 1613 Palaestinus
3025 1557 3146 1611 effet

1367 1640 1414 1688 δε
1446 1637 1493 1689 in
1521 1636 1784 1690 Palaestina
1818 1636 2025 1702 viveret,
2065 1654 2167 1688 uno
2203 1649 2399 1690 tantum
2435 1638 2516 1690 die
2550 1638 2675 1690 vidit
2703 1637 3052 1705 lerosolymam,
3088 1652 3146 1691 ut

1367 1733 1460 1768 nec
1475 1729 1795 1768 contemnere
1822 1717 1946 1769 Loca
1965 1718 2146 1769 Saucia
2170 1727 2377 1786 propter
2396 1716 2647 1783 viciniam,
2675 1734 2765 1770 nec
2786 1718 2947 1769 rursus
2967 1717 3147 1770 Domi·

1367 1813 1486 1847 num
1526 1795 1641 1847 loco
1684 1795 1918 1848 claudere
1942 1797 2212 1848 videretur.
2259 1798 2355 1849 Ab
2385 1796 2628 1848 Hadriani
2656 1796 2967 1867 temporibus
2995 1797 3147 1867 usque

1366 1876 1431 1927 ad
1458 1874 1720 1944 imperium
1752 1875 2086 1941 Constantini,
2121 1893 2209 1944 per
2233 1893 2392 1928 annos
2417 1876 2615 1929 circiter
2640 1888 2841 1929 centurn
2868 1878 3147 1946 ofitoginta,

1365 1957 1415 2007 in
1451 1954 1566 2006 loco
1600 1955 1994 2008 Resurrefflonis
2021 1955 2334 2008 simulacrum
2361 1957 2513 2021 Iovis,
2555 1957 2603 2007 in
2639 1958 2813 2010 Crucis
2839 1974 2962 2025 rupe
2989 1957 3149 2009 statua

1368 2054 1430 2087 ex
1476 2052 1725 2087 marmore
1749 2035 1950 2087 Veneris
1992 2042 2023 2087 a
2057 2035 2295 2105 gentibus
2339 2035 2495 2106 posita
2529 2036 2827 2100 celebratur,
2871 2036 3149 2089 existiman·

1367 2115 1503 2168 tibus
1526 2114 1876 2186 persecutionis
1896 2115 2203 2179 auaoribus,
2226 2116 2366 2185 quod
2387 2116 2616 2168 tollerent
2636 2115 2780 2168 nobis
2799 2115 2950 2168 fidem
2967 2116 3152 2169 Resur-

1368 2194 1599 2248 reEtionis
1623 2196 1671 2246 δι
1693 2195 1892 2260 Crucis,
1917 2195 1949 2246 fi
1976 2196 2100 2248 Loca
2117 2198 2297 2249 SanEa
2315 2214 2402 2266 per
2418 2196 2553 2247 idola
2578 2194 2878 2265 polluiffentz
2908 2195 3152 2247 Bethleem

1368 2292 1500 2327 nunc
1526 2274 1763 2340 nostram,
1805 2276 1853 2326 &
1880 2274 2270 2344 augustissimum
2305 2276 2442 2327 orbis
2473 2276 2658 2340 locum,
2681 2275 2746 2327 de
2770 2292 2874 2343 quo
2901 2274 3149 2327 Psalmista

1368 2354 1524 2408 canit:
1551 2376 1568 2402 σ
1589 2352 1784 2406 Veritas
1802 2356 1865 2405 de
1883 2364 2024 2406 terra
2049 2365 2159 2407 orta
2182 2355 2248 2423 est
2273 2375 2293 2403 ι
2323 2353 2671 2421 (Ρίῖικκκιν,
2696 2354 2804 2423 12),
2830 2354 2969 2407 lucus
2989 2353 3151 2407 inum·

1369 2435 1551 2486 brabat
1576 2433 1831 2498 Thamus,
1875 2433 1924 2485 id
1963 2433 2032 2485 est
2068 2433 2349 2499 Adonidis,
2390 2436 2438 2486 δι
2470 2433 2520 2485 in
2558 2434 2724 2501 specu,
2772 2433 2860 2486 ubi
2893 2434 3151 2503 quondam

1371 2512 1591 2567 Christus
1619 2512 1851 2581 parvulus
1877 2512 2052 2582 vagiit,
2075 2514 2277 2566 Veneris
2302 2512 2512 2565 amafius
2538 2512 2889 2582 plangebatur.

1445 2595 1591 2655 Curp
1610 2591 1857 2661 inquiens„
1901 2591 2010 2646 haec
2039 2604 2144 2644 tam
2170 2592 2326 2661 longo
2352 2592 2560 2661 repetita
2586 2591 2872 2661 principio?
2907 2591 3154 2644 Videlicet

1369 2691 1432 2725 ne
1473 2672 1749 2742 quidquam
1794 2671 1910 2723 fidei
1955 2683 2056 2725 tuae
2101 2670 2265 2724 deefl'e
2308 2684 2472 2740 putes,
2514 2671 2635 2741 quia
2678 2670 3011 2740 lerosolymam
3052 2687 3154 2723 non

1372 2751 1567 2818 vidisti3
1593 2768 1684 2803 nec
1709 2768 1801 2802 nos
1827 2751 2015 2803 idcirco
2044 2751 2272 2804 meliores
2299 2750 2525 2816 aestima,
2550 2751 2689 2821 quod
2715 2750 2861 2802 huius
2891 2750 2985 2803 loci
3011 2749 3155 2802 habi-

1346 2831 1539 2908 ⁸taculo
1566 2830 1773 2884 fruimur
1794 2871 1807 2884 .
1830 2872 1842 2884 .
1864 2870 1875 2883 .
1900 2870 1911 2883 .
1954 2830 2001 2885 Si
2031 2832 2211 2885 Crucis
2237 2832 2284 2883 &
2313 2830 2707 2884 Resurrefflonis
2733 2830 2845 2884 loca
2871 2849 2975 2883 non
3003 2829 3154 2883 effent

1371 2913 1421 2965 in
1447 2914 1571 2964 urbe
1596 2911 1942 2976 celeberrima,
1978 2912 2028 2964 in
2053 2930 2153 2981 qua
2179 2911 2334 2976 curia,
2377 2910 2428 2963 in
2455 2929 2556 2981 qua
2580 2911 2697 2963 aula
2725 2911 2957 2976 militum,
2980 2910 3030 2962 in
3056 2927 3157 2980 qua

1372 2995 1550 3057 scorta,
1575 2991 1732 3056 mimi,
1768 2992 1948 3045 scurrae
1973 2993 2021 3043 δι
2046 2991 2218 3043 omnia
2244 2992 2373 3055 sunt,
2398 3009 2514 3060 quae
2541 2990 2695 3043 solent
2720 2997 2769 3042 in
2796 2989 2993 3044 caeteris
3019 2989 3155 3042 urbi·

1373 3076 1482 3137 bus,
1503 3073 1577 3124 vel
1598 3070 1631 3122 st
1652 3070 2021 3123 monachorum
2042 3070 2201 3123 turbis
2223 3071 2542 3123 solummodo
2562 3070 2977 3140 stequentaretur,
3004 3085 3152 3138 expe·

1374 3153 1581 3205 tendum
1595 3167 1778 3203 'revera
1798 3150 2140 3203 huiuscemodi
2161 3151 2351 3204 cunffis
2373 3150 2629 3203 monachis
2650 3149 2771 3202 effet
2789 3148 3149 3202 habitaculum.

1373 3235 1522 3286 Nunc
1566 3248 1684 3283 vero
1729 3230 1937 3285 summae
1981 3231 2198 3285 stultitiae
2233 3232 2300 3283 est
2327 3230 2623 3283 renunciare
2664 3228 2858 3296 saeculo,
2902 3228 3152 3280 dimittere

1374 3312 1611 3382 patriam,
1653 3311 1799 3362 urbes
1828 3310 2069 3378 deserere,
2116 3310 2420 3363 monachum
2449 3309 2690 3380 profiteri,
2713 3310 2760 3360 &
2785 3308 2915 3360 inter
2942 3308 3152 3361 maiores

1375 3392 1585 3465 populos
1610 3408 1818 3461 peregre
1844 3391 2027 3455 vivere,
2063 3410 2217 3462 quam
2249 3409 2355 3444 eras
2382 3391 2600 3443 viaurus
2635 3389 2684 3440 in
2710 3388 2885 3457 patria.
2930 3391 3011 3441 De
3036 3399 3153 3441 toto

1372 3472 1471 3523 huc
1512 3471 1635 3522 orbe
1659 3469 1989 3522 concurritur.
2038 3470 2194 3523 Plena
2232 3471 2299 3522 est
2326 3469 2503 3522 civitas
2529 3467 2734 3520 universi
2764 3468 2960 3536 generis
2985 3466 3153 3520 homi-

1375 3568 1512 3618 num,
1564 3551 1611 3601 &
1655 3560 1794 3601 tanta
1832 3549 2085 3620 utriusque
2130 3551 2269 3603 sexus
2307 3548 2623 3617 constipati0,
2667 3558 2727 3600 ut
2768 3547 2907 3616 quod
2950 3547 3069 3599 alibi
3093 3565 3154 3599 ex

1376 3642 1517 3701 parte
1540 3628 1788 3697 fugiebas,
1813 3629 1893 3681 hic
1919 3641 2082 3682 totum
2112 3630 2338 3681 sustinere
2363 3629 2560 3698 cogaris
2590 3667 2599 3677 .
2630 3667 2640 3678 .
2670 3667 2681 3678 .

1448 3762 1518 3825 [S.
1546 3758 1903 3829 Hieronymus,
1927 3757 2135 3827 Epistola
2161 3758 2347 3821 LVIII,
2370 3758 2445 3807 ad
2468 3755 2742 3821 Paulinum,
2770 3758 2849 3808 De
2873 3755 3157 3822 institutione

1376 3848 1599 3902 monachi
1621 3848 1848 3916 (Migne,
1877 3849 2012 3900 Patr.
2041 3847 2149 3911 lat„
2175 3847 2343 3910 XXII,
2377 3863 2418 3897 c.
2456 3844 2625 3914 580).]

1104 4038 1222 4086 395.
1266 4018 1600 4070 Aua-mcum
1638 4028 1708 4066 ΑΒ
1746 4015 1967 4065 Hmzms
2006 4026 2333 4065 oasmmvx.

1453 4167 1476 4195 ι
1508 4148 1645 4199 Ecce
1683 4143 1773 4196 tibi
1818 4161 1952 4196 anno
1977 4142 2235 4212 praeterito
2279 4159 2342 4194 ex
2374 4140 2565 4194 ultimis
2591 4138 2798 4208 Caucafi
2828 4136 3034 4207 rupibus
3060 4135 3155 4188 im·

1380 4228 1502 4281 missi
1546 4229 1594 4280 in
1638 4244 1747 4293 nos,
1790 4244 1891 4278 non
1924 4225 2027 4278 iam
2052 4221 2275 4287 Arabiae,
2322 4221 2404 4275 sed
2449 4221 2791 4289 septentrionis
2825 4218 2946 4289 lupi,
2988 4229 3155 4270 tantas

1379 4306 1514 4360 brevi
1540 4305 1819 4377 provincias
1853 4312 2216 4374 percurrerunt.
2243 4302 2385 4363 Quot
2411 4299 2706 4353 monasteria
2730 4304 2917 4368 capta?
2949 4307 3155 4368 quantae
