3620 5680
1032 523 1123 624 36
1480 440 1490 448 .
1961 514 2171 615 (326)

1165 758 1427 827 [AEthicus
1451 757 1667 821 Istricus,
1691 751 2089 822 Cosmographia,
2119 753 2187 804 ab
2215 749 2540 820 Hieronymo
2562 766 2590 801 e
2616 764 2790 817 graeco
2808 746 2857 800 in
2877 746 3089 802 latinum

1026 847 1327 900 breviarium
1357 845 1576 909 redafila,
1606 861 1654 896 c.
1695 848 1809 908 108,
1835 843 1916 894 ed.
1950 842 2195 906 Wfittke,
2218 840 2413 910 Lipfiae,
2444 845 2501 892 18
2512 857 2596 906 54,
2621 839 2753 903 in·8,
2779 855 2826 908 p.
2860 838 2969 907 81.]

1031 983 1144 1042 326.
1171 979 1617 1032 Consu-annuus
1647 977 1896 1027 MAoNus
1928 989 2000 1025 An
2039 975 2363 1026 MAcARmM
2395 986 2707 1024 EPISCOPUM
2740 974 3093 1024 Hir-:Roseus-

1312 1072 1590 1110 ΜιτΑΝυΜ
1622 1071 1691 1109 m:
1720 1057 1888 1106 Locxs
1917 1057 2155 1107 Sancus
2184 1067 2419 1105 scnmrr.

1383 1162 1763 1231 [Constantinus
1809 1163 1912 1227 M.,
1957 1160 2101 1229 Epist.
2135 1160 2428 1230 (Eusebius,
2465 1161 2544 1211 De
2583 1156 2704 1210 vita
2729 1157 2897 1227 Confi„
2940 1157 2972 1210 l.
2999 1158 3094 1224 111,

1311 1260 1354 1294 c.
1383 1260 1561 1308 29-33‚
1587 1242 1664 1295 ed.
1696 1242 1993 1308 Heinichen,
2020 1240 2214 1310 Lipfiae,
2243 1247 2396 1305 1830,
2420 1258 2508 1311 pp.
2551 1239 2846 1308 163-187).]

862 1369 1001 1466 326
1030 1368 1090 1438 S.
1149 1368 1474 1436 HELENA
1508 1369 1907 1437 AUGUSTA.
1943 1379 2063 1448 (28)

1112 1487 1353 1550 Helena
1382 1487 1766 1551 Constantini
1798 1504 2007 1566 mater,
2051 1489 2272 1551 divinis
2303 1488 2540 1549 monita
2567 1483 2917 1565 vifionibus,
2944 1486 3089 1547 bea-

1033 1576 1316 1639 tiffimum
1349 1576 1569 1639 Crucis
1609 1573 1866 1658 iignum,
1916 1577 1973 1637 in
2006 1599 2132 1660 quo
2160 1576 2374 1639 mundi
2405 1574 2557 1638 salus
2586 1575 2899 1657 pependit,
2927 1572 3088 1656 apud

1037 1662 1430 1750 lerosolymam
1458 1667 1702 1746 reperit.

1176 1780 1512 1933 [S).]Hieron.‚
1543 1781 1844 1850 Chronicon„
1885 1784 1949 1835 ad
1992 1800 2107 1834 ann.
2139 1800 2231 1848 321
2276 1781 2512 1851 (Migne,
2547 1783 2686 1834 Patr.
2719 1779 2832 1846 lat„
2869 1780 3094 1843 XXVII,

1038 1881 1080 1916 c.
1112 1867 1207 1926 671
1250 1902 1261 1914 .
1290 1901 1302 1914 .

1121 2001 1144 2031 «
1184 1972 1297 2036 Per
1338 1973 1500 2036 idem
1553 1989 1815 2054 tempuS,
1858 1973 2118 2053 Helena,
2160 1971 2546 2040 Constantini
2587 1986 2796 2049 mater,
2840 1969 3095 2034 foemina

1039 2060 1531 2143 incomparabilis
1556 2060 1676 2123 fide
1706 2061 1765 2123 δε
1794 2062 2091 2144 religione
2113 2062 2322 2140 animi,
2343 2083 2414 2123 ac
2433 2058 2885 2143 magnificentia
2906 2057 3098 2140 fingu-

1039 2149 1171 2227 lari,
1193 2152 1365 2212 cuius
1395 2151 1522 2211 iure
1553 2150 1992 2214 Constantinus
2022 2150 2081 2214 &
2110 2148 2253 2213 effet
2278 2149 2439 2213 filius
2469 2149 2528 2213 &
2557 2149 2922 2224 crederetur,
2944 2147 3100 2208 divi-

1039 2239 1132 2300 nis
1162 2239 1474 2301 admonita
1510 2236 1859 2318 visionibus,
1902 2240 2295 2328 lerosolymam
2324 2240 2498 2321 petit,
2544 2252 2726 2320 atque
2768 2236 2851 2297 ibi
2890 2234 3101 2298 locum

1040 2328 1101 2388 in
1132 2348 1256 2409 quo
1288 2327 1727 2388 sacrosanctum
1756 2350 1984 2410 corpus
2015 2327 2240 2392 Christi
2285 2327 2558 2410 patibulo
2594 2327 2843 2387 affixum
2872 2345 3102 2407 pepen-

1040 2416 1226 2492 derat,
1256 2414 1329 2475 ab
1361 2414 1578 2477 incolis
1609 2417 1925 2499 perquirit.
1978 2415 2113 2502 Qui
2144 2416 2376 2477 idcirco
2407 2417 2480 2477 ad
2513 2413 2948 2477 inveniendum
2987 2411 3102 2474 dif-

1036 2501 1213 2563 ficilis
1243 2518 1392 2581 erat,
1422 2502 1585 2584 quod
1620 2502 1692 2564 ab
1724 2503 1989 2586 antiquis
2019 2503 2506 2585 persecutoribus
2534 2500 2918 2563 simulacrum
2940 2501 3002 2562 in
3024 2520 3101 2561 eo

1040 2590 1299 2652 Veneris
1331 2590 1527 2651 fuerat
1556 2588 1845 2671 defixum,
1877 2607 1943 2654 ut
1971 2589 2014 2652 fi
2043 2593 2179 2675 quis
2210 2591 2701 2655 Christianorum
2728 2590 2791 2651 in
2822 2587 2965 2651 loco
2995 2586 3101 2651 illo

1042 2676 1354 2740 Christum
1392 2677 1641 2740 adorare
1679 2678 1977 2759 voluiss'et,
2021 2681 2333 2743 Venerem
2361 2681 2669 2743 videretur
2704 2678 2977 2740 adorare.
3019 2674 3104 2738 Et

1041 2765 1121 2826 ob
1149 2766 1271 2826 hoc
1301 2766 1651 2851 infrequens
1681 2767 1740 2830 &
1769 2791 1927 2852 pene
1957 2768 2254 2831 oblivioni
2299 2769 2472 2831 datus
2519 2769 2715 2830 fuerat
2749 2766 2940 2829 locus.
2986 2764 3122 2828 Sed·

1041 2877 1204 2934 cum,
1221 2872 1289 2918 ut
1313 2856 1488 2937 supra
1511 2857 1794 2938 diximus,
1817 2858 2090 2942 religiosa
2113 2860 2367 2922 foemina
2396 2856 2764 2941 properaffet
2791 2856 2864 2918 ad
2896 2856 3104 2918 locum

1041 2943 1269 3007 coelesti
1300 2942 1403 3006 fibi
1436 2944 1663 3007 indicio
1688 2945 2083 3031 designatum,
2102 2947 2323 3010 cuncta
2344 2969 2419 3009 ex
2442 2969 2517 3009 eo
2542 2948 2861 3029 prophana
2881 2945 2943 3008 &
2965 2942 3103 3026 pol-

1043 3032 1169 3094 luta
1198 3032 1544 3111 deturbans,
1573 3035 1633 3095 in
1675 3034 1868 3097 altum
1898 3037 2168 3119 purgatis
2194 3035 2536 3115 ruderibus,
2564 3050 2685 3097 tres
2716 3032 2967 3097 confuso
2999 3052 3099 3094 or-

1042 3122 1185 3182 dine
1213 3122 1437 3203 reperit
1464 3143 1678 3186 cruces
1683 3170 1776 3187 .....

1128 3235 1153 3268 α
1190 3209 1306 3273 Sed
1338 3210 1701 3273 obturbabat
1741 3213 1961 3293 reperti
2004 3213 2273 3275 muneris
2315 3211 2589 3275 laetitiam
2642 3209 3105 3293 uniuscuiusque

1044 3300 1240 3363 crucis
1283 3298 1598 3362 indiscreta
1642 3302 1996 3382 proprietas.
2047 3303 2281 3364 Aderat
2326 3302 2578 3385 quidem
2626 3300 2685 3363 ὅτ
2727 3298 2937 3383 titulus
2983 3298 3107 3376 ille,

1045 3387 1150 3469 qui
1183 3386 1424 3452 Graecis
1455 3387 1514 3449 &
1544 3388 1781 3451 Latinis
1812 3405 1995 3472 atque
2026 3389 2345 3452 Hebraicis
2375 3388 2590 3452 litteris
2619 3410 2654 3450 a
2685 3387 2880 3451 Pilato
2911 3388 3107 3450 fuerat

1045 3475 1456 3558 conscriptus3
1499 3476 1595 3539 sed
1625 3498 1739 3539 nec
1769 3479 1892 3561 ipse
1934 3477 2068 3542 satis
2112 3477 2426 3540 evidenter
2457 3477 2780 3541 Dominici
2813 3476 3106 3557 prodebat

1046 3565 1209 3648 figna
1261 3565 1535 3647 patibuli.
1585 3565 1751 3627 Hinc
1779 3631 1782 3634 ,
1810 3568 1933 3628 iam
1990 3567 2274 3630 humanae
2322 3566 2731 3649 ambiguitatis
2782 3566 3108 3644 incertum,

1049 3655 1323 3716 divinum
1352 3654 1581 3737 flagitat
1611 3655 2041 3717 testimonium.
2087 3656 2339 3719 Accidit
2366 3656 2428 3716 in
2459 3655 2673 3716 eadem
2704 3653 2852 3715 urbe
2882 3653 3108 3735 prima-

1048 3743 1201 3805 riam
1231 3743 1535 3825 quandam
1564 3744 1685 3805 loci
1716 3743 1878 3806 illius
1908 3744 2247 3822 foeminam,
2273 3743 2438 3826 gravi
2467 3742 2827 3825 aegritudine
2855 3742 3106 3804 confec-

1049 3844 1194 3908 tam,
1236 3830 1599 3893 seminecem
1629 3832 1847 3894 iacere.
1891 3831 2208 3896 Macarius
2240 3854 2349 3914 per
2377 3832 2542 3894 idem
2573 3846 2813 3913 tempus
2844 3829 3108 3892 ecclesiae

1049 3921 1212 3984 illius
1234 3920 1551 4003 episcopus
1575 3937 1719 3983 erat.
1744 3918 1824 4000 Is,
1848 3922 1949 3983 ubi
1974 3922 2365 3984 cunclantem
2390 3921 2663 4004 reginam
2685 3936 2868 4003 atque
2891 3941 3107 3984 omnes

1053 4010 1278 4091 pariter
1314 4010 1417 4090 qui
1461 4010 1708 4071 aderant
1737 4011 1934 4072 videt:
1984 4036 2007 4068 α
2047 4011 2323 4088 Adferte,
2366 4010 2586 4093 inquit,
2612 4009 2734 4070 huc
2764 4023 2942 4087 totas,
2969 4031 3107 4092 quae

1056 4125 1081 4157 z
1113 4114 1369 4179 repertae
1398 4097 1549 4177 sunt,
1578 4120 1813 4179 cruceS,
1841 4099 1900 4162 ὅτ
1930 4122 2066 4183 quae
2107 4099 2174 4161 fit
2212 4121 2348 4181 quae
2378 4098 2710 4180 portaverit
2739 4096 3110 4178 Dominum,

1059 4214 1084 4246 ι
1112 4208 1275 4249 nunc
1297 4187 1473 4249 nobis
1495 4190 1804 4269 adaperiet
1827 4187 2003 4251 Deus
2026 4213 2076 4251 ».
2093 4187 2176 4250 Et
2199 4185 2489 4270 ingreffus
2508 4208 2650 4250 cum
2667 4187 2876 4269 regina
2891 4187 3109 4268 pariter

1057 4276 1116 4338 δε
1159 4274 1403 4357 populis
1433 4276 1505 4337 ad
1537 4298 1672 4338 eam
1717 4300 1854 4362 quae
1883 4277 2307 4355 decumbebat,
2354 4274 2567 4339 defixis
2596 4276 2873 4359 genibus,
2900 4275 3106 4338 huius-
