3620 5680
1386 486 1548 580 (79)
2479 508 2525 582 9

441 719 628 800 fama
656 700 796 781 nibil
824 716 881 777 in
927 739 980 777 eo
1007 716 1199 797 mergi.
1231 715 1598 797 Longitudine
1628 717 1877 777 excedite
1913 740 1983 777 m.
2009 715 2303 798 pafficum,
2331 717 2528 778 latitu-

458 815 584 876 dine
612 815 862 875 maxima
898 814 1042 874 lxxv
1078 813 1268 894 inplet,
1303 814 1535 875 minima
1584 814 1684 893 vj;
1718 810 1993 898 prospicit
2040 837 2160 875 eum
2211 817 2282 875 ab
2329 815 2528 877 oriente

459 909 690 971 Arabia
720 911 1103 988 Nomadum,
1127 935 1162 971 a
1191 911 1417 973 meridie
1443 910 1813 988 Machaerus,
1826 910 2087 997 secunda
2110 912 2383 991 quondam
2414 936 2529 973 arx

460 1007 679 1068 Iudaeae
702 1008 773 1067 ab
792 1006 1195 1093 Hierosolymis
1203 1038 1226 1078 ;
1255 1008 1432 1068 eodem
1454 1007 1630 1069 latere
1653 1012 1728 1087 est
1746 1010 1962 1072 calidus
1959 1011 2103 1093 fons
2121 1008 2529 1095 medicaesalu-

461 1105 682 1166 britatis
711 1103 1075 1183 Callirrhoe,
1106 1124 1391 1186 aquarum
1410 1106 1658 1187 gloriam
1685 1107 1802 1192 ipso
1832 1108 2039 1169 nomine
2061 1108 2398 1191 praeserens.

547 1218 635 1282 17.
678 1199 759 1261 Ab
809 1200 1067 1261 occidente
1108 1201 1275 1263 litora
1314 1199 1516 1265 Effeni
1551 1203 1791 1285 fugiunt
1828 1203 2110 1288 usquequa
2158 1217 2362 1282 nocent,
2395 1227 2532 1285 gens

441 1297 604 1385 sola,
629 1301 696 1361 ὅ
722 1299 779 1359 in
809 1312 908 1358 toto
950 1300 1076 1358 orbe
1096 1311 1316 1379 praeter
1355 1311 1562 1359 ceteras
1588 1300 1763 1377 mira,
1785 1301 1912 1383 fine
1953 1300 2077 1363 ulla
2099 1300 2350 1383 femina,
2388 1301 2533 1361 omni

455 1420 666 1458 venere
695 1395 977 1473 abdicata,
992 1394 1119 1480 stne
1138 1396 1399 1477 pecunia,
1403 1396 1565 1484 socia
1593 1396 1948 1478 palmarum.
1996 1398 2064 1459 In
2105 1399 2243 1459 diem
2282 1423 2347 1459 ex
2377 1420 2530 1477 aequo

454 1517 838 1556 convenarum
888 1495 1061 1554 turba
1110 1493 1428 1579 renascitur
1482 1493 1643 1575 large
1672 1495 2192 1577 frequentantibus,
2237 1519 2362 1577 quos
2404 1495 2530 1557 vita

420 1591 628 1676 -J'eſj‘os
656 1592 738 1652 ad
758 1615 933 1653 mores
961 1614 1146 1652 eorum
1173 1591 1722 1674 fortunaefluctibus
1751 1595 1902 1674 agit;
1948 1594 2031 1655 ita
2074 1609 2181 1676 per
2207 1593 2531 1678 seculorum

453 1690 620 1752 milia
663 1688 999 1767 (incredibile
1034 1688 1198 1769 dian)
1235 1712 1371 1770 gens
1407 1702 1625 1751 aeterna
1670 1693 1760 1770 est,
1788 1691 1846 1751 in
1890 1715 2005 1772 qua
2043 1715 2193 1753 nemo
2236 1688 2532 1776 nascitur;

454 1802 578 1849 tam
589 1787 849 1871 fecunda
874 1786 982 1847 illis
1018 1786 1258 1848 aliorum
1289 1788 1427 1848 vitae
1447 1788 1772 1870 paenitentia
1817 1793 1906 1870 est.
1942 1789 2120 1872 Infra
2160 1789 2249 1850 bos
2278 1788 2533 1870 Engada

454 1886 716 1968 oppidum
727 1881 1198 1968 fuit,secundum
1220 1887 1291 1945 ab
1314 1881 1720 1969 Hierosolymis
1722 1885 2040 1968 fertilitate
2059 1887 2534 1969 palmetorumque

451 1984 788 2060 nemoribus,
816 2005 961 2042 nunc
998 1981 1242 2069 alterum
1275 1984 1508 2061 bustum.
1544 1983 1683 2045 Inde
1713 1983 1971 2045 Masada
2002 1984 2285 2069 castellum
2306 1985 2363 2044 in
2394 1998 2534 2066 rupe

453 2082 527 2141 &
558 2080 736 2166 ipsum
761 2079 903 2140 baut
918 2079 1128 2162 procul
1143 2074 1466 2164 Asphaltite.
1495 2080 1575 2141 Et
1600 2080 1862 2143 hactenus
1895 2081 2097 2153 Iudaea
2128 2083 2217 2165 ss.

548 2175 618 2238 18
651 2176 788 2256 (16).
836 2176 1102 2258 Iungitur
1133 2178 1180 2237 ei
1206 2176 1380 2238 latere
1423 2176 1600 2258 Syriae
1640 2175 2093 2257 Decapolitana
2121 2180 2269 2259 regio
2309 2202 2535 2241 numero

451 2273 806 2356 oppidorum,
832 2275 889 2334 in
921 2297 1022 2354 quo
1068 2297 1172 2335 non
1216 2297 1390 2336 omnes
1430 2274 1616 2335 eadem
1647 2275 1969 2361 observant,
1994 2275 2309 2356 plurimum
2349 2291 2533 2339 tamen

454 2367 837 2432 Damascum
879 2386 1022 2454 epoto
1057 2372 1233 2453 riguis
1249 2395 1410 2434 amne
1453 2370 1881 2454 Chrysorrhoa
1899 2372 2181 2455 fertilem,
2228 2372 2535 2436 Philadel-

452 2467 691 2549 phiam,
715 2468 1097 2550 Raphanam,
1126 2470 1310 2531 omnia
1338 2470 1395 2530 in
1421 2469 1711 2531 Arabiam
1735 2470 2061 2548 recedentia,
2090 2469 2536 2554 Scythopolim,

452 2580 633 2628 antea
661 2566 912 2649 Nysam,
943 2592 978 2629 a
1000 2568 1207 2630 Libero
1237 2567 1417 2630 Patre
1427 2567 1663 2654 sepulta
1690 2568 1907 2629 nutrice
1937 2568 2019 2629 ibi
2054 2569 2255 2650 Scythis
2282 2571 2535 2649 deduttis,

454 2663 734 2743 Gadara,
765 2666 1124 2728 Hieromice
1158 2667 1511 2750 praefluente,
1541 2667 1609 2726 ἔθ’
1636 2666 1752 2727 iam
1791 2666 1997 2727 dietum
2028 2667 2308 2748 Hippon,
2339 2667 2537 2748 Dion,

452 2761 696 2824 Pellam
741 2764 900 2847 aquis
928 2754 1176 2844 divitem,
1209 2762 1519 2843 Galasam,
1567 2764 1930 2827 Canatham.
1985 2765 2384 2855 Inter-cursant
2420 2767 2535 2827 cin-

441 2876 702 2945 guntque
730 2863 830 2923 has
860 2866 1022 2925 urbes
1049 2864 1393 2941 tetrarchias,
1433 2886 1733 2945 regnorum
1764 2864 1948 2945 instar
1969 2862 2237 2947 fingulae,
2263 2867 2330 2926 δ’
2360 2889 2537 2946 regna

449 2961 909 3038 contribuuntur,
936 2959 1362 3038 Trachonitis,
1391 2958 1627 3038 Panias,
1650 2960 1707 3020 in
1738 2983 1852 3040 qua
1883 2960 2171 3023 Caesaraea
2198 2985 2321 3023 cum
2334 2959 2537 3046 supra

448 3058 793 3140 dictofonte,
822 3056 1093 3136 Ambila,
1124 3058 1309 3136 Arca,
1342 3054 1757 3138 Ampeloessa,
1791 3057 1993 3121 Gabe.

544 3176 619 3237 19
643 3163 783 3236 (17).
806 3154 966 3216 Hinc
985 3155 1328 3217 redeundum
1348 3157 1426 3235 est·
1446 3154 1530 3216 ad
1546 3177 1705 3215 oram
1730 3168 1894 3236 atque
1912 3153 2267 3218 Phoenicen.
2291 3155 2425 3216 Fuit
2439 3171 2534 3239 op-

440 3254 654 3338 pidum
675 3253 1078 3331 Crocodilon,
1100 3252 1176 3335 est
1175 3253 1425 3335 flumen,·
1443 3252 1711 3313 memoria
1728 3252 1955 3313 urbium
1979 3251 2249 3331 Dorum,
2265 3251 2536 3334 Sycami-

447 3370 634 3427 num,
639 3351 1098 3432 promunturium
1116 3348 1477 3412 Carmelum
1494 3350 1562 3409 Εἰ
1576 3349 1633 3409 in
1643 3363 1819 3410 monte
1834 3348 2091 3432 oppidum
2111 3350 2284 3410 eodem
2307 3350 2536 3426 nomine,

448 3448 737 3528 quondam
768 3447 1087 3509 Acbatana
1119 3447 1339 3508 dietum.
1385 3447 1556 3508 quta
1598 3446 1812 3524 Getta,
1858 3446 2061 3524 Geba,
2104 3448 2266 3508 rivus
2311 3444 2533 3508 Pacida

450 3543 583 3621 live
605 3543 788 3606 Belus
811 3544 960 3606 vitri
965 3543 1191 3626 fertilis
1211 3543 1456 3606 barenas
1468 3558 1666 3625 parvo
1686 3543 1841 3604 litori
1860 3544 2105 3629 miscens.
2139 3543 2266 3629 Ipse
2289 3568 2313 3603 e
2324 3543 2536 3626 palude

450 3642 783 3705 Cendevia
813 3665 850 3703 a
878 3642 1164 3705 radicibus
1191 3640 1445 3703 Carmeli
1463 3641 1719 3725 profluit,
1748 3641 1910 3703 iuxta
1940 3640 2149 3703 colonia
2173 3640 2385 3702 Claudi
2405 3641 2535 3703 Ca:-

429 3739 616 3829 saris
644 3738 973 3802 Ptolemais
996 3763 1120 3821 quae
1142 3740 1414 3821 quondam
1437 3738 1608 3799 Acce
1618 3766 1638 3814 3
1668 3739 1928 3821 oppidum
1947 3737 2250 3819 Ecdippa,
2256 3752 2535 3820 promun-

448 3838 678 3900 turium
709 3838 962 3900 Album.
990 3837 1220 3920 Tyros,
1250 3838 1524 3917 quondam
1565 3834 1760 3921 insula
1796 3835 2046 3918 praealto
2067 3836 2231 3897 mari
2251 3837 2367 3896 dcc.
2389 3837 2536 3925 pas-

435 3936 613 4023 stbus
640 3933 853 4021 divisa,
881 3959 1025 3997 nunc
1053 3958 1191 3997 vero
1218 3934 1535 3997 AEexandri
1560 3934 1927 4017 oppugnantis
1970 3934 2220 4016 operibus
2250 3935 2538 4012 continens,

450 4035 590 4097 olim
629 4047 808 4115 partu
847 4034 1012 4095 clara
1051 4033 1282 4095 urbibus
1314 4032 1514 4115 genitis
1561 4031 1768 4112 Lepti,
1800 4032 2010 4109 Utica,
2046 4034 2113 4094 ὅ
2139 4030 2243 4093 illa
2287 4030 2540 4093 Romani

450 4131 691 4214 imperij
713 4131 925 4192 aemula
955 4145 1353 4211 terrarumque
1381 4130 1527 4193 orbis
1554 4130 1737 4191 avida
1768 4130 2163 4211 Carthagine,
2199 4129 2363 4191 etiam
2398 4128 2536 4193 Ga-

451 4231 643 4293 dibus
667 4243 830 4292 extra
854 4231 1035 4291 orbem
1057 4229 1303 4301 conditis;
1324 4252 1468 4290 nunc
1491 4228 1660 4290 omnis
1677 4228 1787 4289 eius
1808 4228 2065 4290 nobilitas
2086 4226 2354 4308 conchylio
2378 4241 2539 4308 atque

718 4347 758 4397 P
990 4325 995 4346 .
1770 4407 1773 4410 ¹
2224 4362 2254 4394 2
