3620 5680
1499 512 1708 611 (380)
2191 553 2196 557 ·
2391 506 2402 515 ’
2521 538 2607 614 73

566 748 893 831 perspicua,
948 749 1156 813 beatus
1199 750 1486 813 videlicet
1515 752 1875 829 Venantius,
1918 751 2182 813 eiusdem
2227 751 2262 812 s.
2315 753 2613 817 Honorati

564 839 742 900 frater
844 885 2537 903 ..................

646 953 667 983 «
696 926 827 1013 Qui
858 924 1228 1009 {Capi-astus]
1255 929 1464 990 videns
1497 929 1822 1009 praedictos
1851 929 2243 1012 egregiosque
2273 931 2426 992 duos
2453 932 2619 994 iuve-

562 1037 686 1093 neS,
717 1017 1031 1080 Christum
1069 1016 1350 1094 sitientes,
1394 1017 1785 1080 Honoratum
1833 1018 2117 1080 videlicet
2159 1033 2340 1100 atque
2372 1020 2619 1081 Venan-

564 1105 736 1182 tium,
761 1106 1016 1185 patriam
1038 1126 1109 1166 ac
1134 1121 1409 1187 parentes
1434 1128 1541 1187 pro
1569 1106 1814 1170 Christo
1841 1105 1995 1168 velle
2016 1106 2380 1188 relinquere,
2404 1131 2617 1170 eorum

566 1192 905 1273 approbans
936 1193 1333 1275 propositum,
1365 1215 1471 1276 per
1500 1209 1684 1256 terras
1715 1196 2026 1278 mariaque
2055 1218 2161 1258 eos
2186 1195 2403 1257 affidue
2432 1198 2620 1257 comi-

567 1296 721 1343 tatus
744 1281 847 1359 est,
877 1281 1021 1343 licet
1045 1282 1161 1342 iam
1185 1279 1329 1344 effet
1349 1284 1541 1345 aetatis
1563 1284 1858 1365 gravitate
1887 1284 2220 1345 confectus,
2244 1284 2620 1348 Transcurfis

568 1370 745 1452 igitur
787 1392 819 1431 e
858 1369 1186 1432 Nicomedia
1218 1371 1519 1433 immensis
1561 1387 1730 1433 terrae
1761 1371 2056 1453 marisque
2100 1372 2318 1454 spatiis,
2360 1375 2453 1435 vir
2486 1373 2622 1435 Do-

567 1459 714 1520 mini
765 1458 1084 1540 Caprafius
1135 1480 1275 1520 cum
1328 1459 1566 1521 duobus
1618 1459 1919 1543 regalibus
1970 1463 2247 1542 gemmiS,
2297 1463 2622 1525 Honorato

566 1546 791 1609 scilicet
813 1547 872 1609 &
897 1548 1226 1625 Venanti0,
1259 1547 1628 1628 Cisalpinam
1659 1549 1946 1630 ingreffus
1978 1550 2375 1631 provinciam,
2405 1552 2623 1613 talibus

567 1636 965 1717 lampadibus,
1016 1635 1156 1698 fidei
1208 1637 1345 1718 igne
1396 1635 1788 1719 fulgentibus,
1835 1637 2098 1699 sanctam
2150 1638 2400 1702 insulam
2448 1640 2624 1702 Leri-

567 1724 812 1787 nensem
842 1722 1174 1786 illustravit.
1220 1751 1242 1780 ›>

708 1860 918 1929 [Vitas.
947 1861 1188 1928 Caprafij,
1218 1874 1260 1911 e.
1287 1880 1374 1927 4-5
1406 1860 1540 1927 (AA.
1578 1864 1652 1911 SS.
1687 1861 1822 1925 BolL,
1852 1880 1872 1912 1
1902 1864 2010 1913 Iun.
2040 1863 2084 1925 Ι,
2110 1880 2157 1930 p.
2192 1862 2323 1931 78).]

650 2032 674 2062 ‹<
711 2003 957 2067 Exeunt
1000 2007 1075 2065 de
1121 2019 1274 2066 terra
1323 2004 1382 2066 &
1424 2006 1499 2065 de
1530 2006 1718 2066 domo
1769 2003 1829 2065 &
1867 2005 1940 2066 de
1976 2005 2356 2087 -cognatione
2406 2005 2524 2086 sua,
2567 2009 2624 2071 δι

566 2093 850 2175 exemplo
877 2093 1005 2176 pari
1029 2115 1171 2154 vere
1190 2092 1455 2154 Abrahae
1476 2091 1581 2176 filij
1609 2092 2099 2155 demonstrantur
2112 2120 2130 2169 ;
2152 2115 2229 2155 ne
2253 2095 2398 2176 quid
2424 2112 2624 2159 tamen

568 2180 817 2243 iuvenili
848 2179 987 2243 ausu
1013 2197 1239 2242 temere
1284 2181 1356 2242 ab
1410 2178 1545 2261 ipfis
1586 2181 1899 2261 inceptum
1945 2199 2280 2263 putaretur,
2330 2182 2628 2244 affumunt

569 2269 767 2331 senem
821 2268 1102 2349 perfeE'tae
1157 2267 1713 2350 consummataeque
1773 2269 2104 2350 gravitatis,
2162 2291 2345 2352 quem
2396 2269 2628 2352 semper

571 2360 628 2419 in
675 2357 921 2421 Christo
974 2373 1209 2438 patrem
1238 2372 1684 2438 computantes,
1724 2373 1953 2438 patrem
1985 2359 2406 2437 nominabant,
2437 2359 2472 2420 s.
2506 2360 2629 2423 Ca-

573 2443 851 2529 prafium,
902 2445 1175 2527 angelica
1222 2446 1281 2506 in
1327 2461 1483 2506 terra
1525 2446 1722 2506 adhuc
1771 2446 2224 2508 conversatione
2288 2448 2629 2528 degentem.

572 2536 766 2599 Cuius
814 2555 1184 2618 quamquam
1229 2533 1477 2596 dilectio
1529 2534 1718 2595 vestra
1770 2556 1997 2595 nomen
2046 2535 2336 2597 hactenus
2387 2537 2631 2618 ignora-

574 2625 725 2686 verit
754 2624 811 2686 ὅ(
848 2624 1047 2685 adhuc
1076 2622 1299 2686 nesciat
1330 2624 1537 2700 vitam,
1566 2623 1776 2684 amicis
1812 2645 1951 2683 eum
1985 2623 2098 2686 suis
2142 2624 2416 2687 Christus
2440 2647 2632 2687 annu-

576 2727 781 2774 merat.
836 2711 1042 2788 Hune,
1087 2727 1397 2794 tamquam
1441 2711 1851 2773 ordinatorem
1884 2712 1942 2772 in
1978 2711 2258 2773 Domino
2291 2728 2472 2794 atque
2501 2714 2630 2776 cus-

577 2803 784 2864 todem
845 2799 961 2862 suae
1023 2800 1236 2879 aetatis,
1293 2798 1612 2879 affumunt,
1667 2822 1821 2882 quos
1873 2799 2153 2863 custodes
2217 2798 2319 2862 fibi
2373 2801 2635 2882 plurima

577 2892 854 2954 iuventus
905 2890 1186 2972 elegerat.
1257 2889 1575 2976 Quaeritur
1637 2911 1782 2971 ergo
1832 2890 2337 2971 peregrinationis
2387 2889 2634 2969 latebra,

576 2980 802 3063 fugitur
834 2979 991 3040 fama
1018 2978 1277 3040 virtutis.
1311 2979 1707 3059 Ubicumque
1739 2980 1880 3054 itur,
1911 2978 1991 3039 ibi
2025 2978 2158 3054 alia,
2201 2976 2389 3038 velint
2420 2977 2635 3055 nolint,

577 3069 737 3130 fama
760 3066 1119 3148 pariebatur.
1165 3065 1402 3129 Felices
1427 3083 1598 3128 terrae
1622 3066 1679 3128 δι
1704 3083 1917 3147 portus
1943 3067 2121 3144 beati,
2153 3087 2306 3147 quos
2330 3065 2636 3128 coelestem

578 3156 832 3237 patriam
859 3150 1057 3216 fitiens
1085 3154 1435 3235 peregrinus
1461 3152 1729 3215 illustrat.
1756 3153 1881 3236 Alij
1912 3154 2189 3218 Orientis
2213 3175 2369 3232 oraS,
2392 3154 2449 3216 &
2473 3177 2638 3236 quae-

576 3264 841 3325 cumque
897 3242 1012 3303 alia
1059 3241 1238 3323 plena
1281 3240 1495 3303 sanetis
1539 3243 1693 3320 loca,
1744 3243 2082 3323 accipiendi
2132 3243 2394 3323 exempli
2426 3244 2640 3325 gratia,

579 3330 909 3407 accedunt3
938 3333 1000 3392 hi
1027 3330 1323 3413 quidquid
1348 3331 1593 3407 adeunt,
1622 3330 1919 3412 exemplis
1944 3331 2120 3391 bonis
2145 3329 2435 3392 suscitant.
2458 3331 2637 3413 Spar-

576 3417 736 3497 gitur
759 3419 987 3501 ubique
1004 3418 1345 3496 substantia,
1362 3418 1422 3480 &
1445 3419 1504 3478 in
1523 3419 1691 3478 omni
1711 3416 1941 3479 accessu
1966 3440 2179 3479 eorum
2198 3418 2394 3481 bonus
2413 3417 2636 3482 Christi

583 3504 736 3567 odor
764 3508 1002 3589 fragrat.
1032 3532 1057 3563 ι
1087 3545 1161 3551 -
1191 3506 1344 3568 Haec
1356 3509 1416 3596 s.
1440 3506 1739 3585 Hilarius,
1765 3521 2012 3569 mortuus
2034 3530 2178 3569 anno
2200 3506 2464 3567 CCCCX
2463 3505 2642 3583 LIX,

583 3593 646 3654 id
669 3597 748 3676 est
773 3599 932 3658 annis
961 3598 1326 3658 novemdecim
1350 3598 1471 3680 post
1498 3596 1697 3658 obitum
1709 3597 1771 3681 s.
1801 3596 2087 3681 Caprastj,
2109 3596 2171 3681 st
2205 3594 2366 3657 huius
2406 3597 2642 3680 deceffus

589 3696 711 3765 apte
742 3685 798 3745 in
829 3686 964 3748 anis
985 3685 1346 3767 proferatur.

712 3835 1215 3904 [Pseudo-HilariuS,
1265 3837 1444 3904 Vitas.
1471 3838 1728 3902 Honorati,
1759 3855 1801 3889 c.
1834 3857 1861 3888 2
1892 3839 2017 3901 (AA.
2047 3840 2127 3888 SS.
2175 3836 2310 3901 Ball„
2339 3842 2397 3888 16
2437 3839 2543 3888 Ian.
2578 3839 2643 3901 11,

591 3933 640 3984 p.
678 3921 797 3984 18);
825 3917 892 3969 cf.
928 3917 1105 3984 Vitas]
1135 3917 1367 3983 Venantij
1394 3917 1571 3982 (Ibid.,
1599 3918 1731 3969 Mai.
1760 3919 1876 3980 VH,
1903 3934 1952 3985 p.
1983 3917 2149 3985 241).]

291 4100 358 4144 c.
407 4075 555 4169 380
585 4067 648 4097 '²'
676 4068 737 4138 S.
777 4068 1187 4140 D1oNYsms
1242 4071 1785 4140 AREOPAGITA.
1817 4068 1938 4135 (72)

732 4210 1250 4275 [Pseudo-Dionvfius
1269 4212 1396 4275 Αι·.,
1426 4212 1504 4262 De
1524 4210 1722 4263 divinis
1740 4209 2007 4263 nominibus
2029 4209 2134 4275 (ed.
2163 4208 2394 4273 Corder.,
2414 4209 2643 4278 Lutetiae,

600 4294 750 4355 1644,
774 4290 817 4353 Ι,
841 4289 1005 4359 452);
1048 4290 1110 4342 cf.
1144 4289 1427 4354 Gretserus‚
1456 4289 1717 4355 Desacris
1738 4289 1994 4358 peregrin.
2025 4287 2272 4356 (Ingolst.‚
2307 4293 2456 4353 1606,
2481 4290 2644 4356 in—4).]

795 4374 836 4427 Ρ
1376 4377 1387 4390 “
2338 4391 2398 4429 10
