3620 5680
1411 424 1655 582 (3725
1765 514 1769 519 ·
2179 612 2180 615 Ν
2451 485 2541 587 65

564 745 588 778 e
604 719 897 783 Tandem
927 721 987 782 in
1012 720 1251 782 incerto
1276 722 1778 804 peregrinationis
1799 724 2048 800 erranti,
2066 745 2208 785 cum
2230 745 2329 786 me
2352 723 2546 787 Thra-

482 808 589 886 cia,
616 807 829 872 Pontus
882 823 1064 891 atque
1115 810 1399 892 Bithynia,
1459 825 1780 892 totumque
1836 811 2091 874 Galatiae
2140 811 2199 874 &
2247 813 2546 897 Cappado-

481 898 578 960 ciae
632 897 748 959 iter
803 897 865 961 δι
908 898 1140 960 fervido
1185 897 1419 961 Cilicum
1460 913 1622 961 terra
1668 899 1930 981 fregisset
1974 900 2137 978 aestu,
2188 900 2353 983 Syria
2395 902 2543 963 mihi

482 986 647 1049 velut
672 985 979 1050 fidissimus
1023 988 1314 1071 naufrago
1355 1004 1565 1069 portus
1597 989 1883 1050 occurrit.
1935 989 2062 1051 Ubi
2092 1011 2207 1071 ego
2246 991 2543 1074 quidquid

482 1076 837 1138 morborum
866 1073 982 1138 esse
1013 1091 1252 1159 poterat
1281 1094 1588 1158 expertus,
1618 1099 1692 1138 ex
1716 1076 1955 1140 duobus
1980 1077 2176 1140 oculis
2197 1100 2387 1140 unum
2412 1099 2547 1160 per-

480 1164 631 1226 didi:
689 1161 1126 1227 Innocentium
1177 1165 1363 1242 enim,
1421 1180 1652 1247 partem
1703 1166 1921 1227 animae
1978 1187 2150 1243 meae,
2194 1169 2546 1248 repentinus

480 1252 739 1315 febrium
771 1254 952 1315 ardor
978 1253 1283 1317 abstraxit.
1314 1253 1505 1315 Nunc
1537 1275 1660 1315 uno
1691 1252 1751 1315 &
1793 1268 1927 1315 toto
1957 1254 2105 1316 mihi
2132 1253 2362 1317 lumine
2385 1254 2547 1317 Eva-

477 1343 612 1424 grio
640 1342 847 1404 nostro
879 1343 1065 1420 fruor,
1094 1342 1193 1404 cui
1224 1363 1339 1424 ego
1366 1340 1600 1423 semper
1629 1342 1901 1404 infirmus
1930 1343 2003 1403 ad
2036 1342 2308 1405 laborem
2331 1366 2548 1406 cumu-

478 1432 572 1580 {us
601 1430 829 1493 acceffi.
859 1429 1013 1493 Erat
1039 1429 1354 1493 nobiscum
1399 1429 1459 1492 &
1506 1429 1721 1514 Hylas,
1760 1431 1977 1493 sanaae
2019 1430 2313 1495 Melaniae
2352 1433 2548 1495 famu-

501 1540 630 1582 uS...
664 1544 690 1575 »
1048 1541 1053 1546 ’

621 1631 689 1695 [8.
715 1627 1081 1697 HieronymuS,
1105 1628 1312 1697 Epistola
1338 1629 1432 1693 III,
1458 1631 1532 1680 ad
1554 1632 1780 1698 Rufinum
1807 1629 2041 1697 (Migne,
2069 1631 2206 1681 Patr.
2232 1629 2340 1694 lat„
2377 1632 2549 1694 XXII,

480 1727 523 1761 c.
559 1708 717 1777 333);
750 1708 815 1760 cf.
842 1707 1178 1773 FlodoarduS,
1209 1711 1288 1761 De
1315 1708 1576 1778 triumphis
1620 1710 1800 1779 Christi
1831 1710 1883 1762 in
1918 1708 2043 1775 Pal,
2079 1710 2109 1761 l.
2146 1713 2213 1776 ΙΙ,
2248 1728 2291 1763 e.
2332 1729 2358 1774 7
2401 1709 2547 1777 (ibid.

483 1790 752 1853 CXXXV,
776 1805 851 1840 cc.
883 1786 1181 1856 517-519).]

565 1923 589 1955 «
624 1897 737 1960 Tu
769 1897 858 1978 [N
862 1897 1044 1978 iceas]
1077 1919 1111 1959 a
1140 1897 1318 1961 nobis
1351 1897 1581 1976 abiens,
1610 1914 1922 1960 recentem
1952 1899 2286 1960 amicitiam
2330 1896 2546 1960 scindis

484 1986 709 2069 potiuS,
730 2001 915 2069 quarn
941 1986 1165 2064 dissuis,
1188 1987 1354 2068 quod
1381 1988 1715 2068 prudenter
1737 1987 1897 2069 apud
1925 1986 2295 2050 Ciceronem
2320 1986 2547 2049 Laelius

481 2090 662 2137 vetat.
694 2073 826 2136 Nisi
856 2075 1010 2136 forte
1041 2075 1126 2136 ita
1154 2074 1263 2136 tibi
1294 2073 1507 2137 exosus
1536 2075 1622 2137 est
1651 2075 1906 2153 Oriens,
1948 2092 2015 2137 ut
2043 2074 2271 2137 litteras
2302 2096 2548 2158 quoque

486 2178 616 2226 tuas
644 2163 766 2225 huc
796 2162 1000 2224 venire
1030 2162 1339 2225 formides·
1377 2187 1401 2220 2»

625 2273 693 2338 [S.
723 2270 1090 2341 HieronymuS,
1120 2269 1325 2340 Epistola
1342 2273 1477 2334 VIII,
1501 2273 1576 2323 ad
1598 2269 1805 2322 Niceam
1828 2271 2056 2341 (Migne,
2084 2274 2222 2323 Patr.
2247 2271 2356 2335 lat„
2379 2273 2550 2335 XXII,

484 2366 530 2402 e.
565 2351 733 2422 342).]

569 2497 594 2528 α
631 2470 1013 2534 Heliodorus
1044 2472 1224 2532 frater
1251 2471 1400 2532 mihi
1433 2470 1743 2548 indicavit,
1793 2486 1853 2532 te
1884 2469 2078 2532 multa
2117 2470 2194 2531 de
2223 2470 2549 2551 Scripturis

484 2580 752 2644 quaerere
780 2581 897 2622 nec
938 2559 1231 2638 invenire,
1270 2575 1373 2621 aut
1417 2555 1459 2619 fi
1507 2559 1717 2621 omnia
1763 2560 1972 2637 habes,
2013 2558 2228 2640 incipit
2269 2555 2374 2620 fibi
2414 2557 2549 2640 plus

483 2649 701 2712 caritas
730 2648 1044 2711 vindicare
1077 2647 1213 2730 plus
1244 2663 1470 2730 petere.
1504 2668 1532 2707 »

624 2774 694 2845 [S.
719 2775 1085 2846 HieronymuS,
1104 2773 1309 2845 Epistola
1330 2777 1394 2838 V,
1415 2775 1489 2825 ad
1505 2773 1795 2826 Florentium
1820 2773 2056 2842 (Migne,
2074 2776 2217 2825 Patr.
2244 2773 2351 2838 lat,
2372 2775 2549 2838 XXII,

487 2875 530 2910 c·
559 2859 727 2923 337)·]

569 3003 593 3036 ‹
619 2975 886 3063 Quanto
908 2981 1119 3037 amore
1139 2974 1197 3037 &
1221 2974 1418 3037 studio
1441 2976 1886 3053 contenderim,
1915 2991 1983 3036 ut
2006 2975 2231 3056 pariter
2249 2975 2316 3036 -in
2340 2996 2549 3037 eremo

486 3085 885 3143 moraremur,
915 3063 1226 3126 conscium
1260 3080 1491 3126 mutuae
1520 3064 1784 3127 caritatis
1818 3063 2029 3145 pehtus
2060 3060 2346 3145 agnoscit.
2386 3060 2553 3148 Qui-

487 3153 597 3217 bus
621 3153 925 3231 lamentis,
958 3173 1082 3233 quo
1107 3150 1340 3229 dolore,
1375 3173 1498 3234 quo
1522 3151 1776 3233 gemitu,
1799 3166 1857 3212 te
1882 3149 2290 3212 Heliodorum
2325 3150 2552 3210 abeun-

487 3259 610 3305 tem
661 3240 1018 3325 prosecutus
1068 3237 1195 3318 fim,
1244 3239 1368 3301 istae
1412 3262 1661 3323 quoque
1712 3238 1926 3301 litterae
1977 3239 2149 3301 testes
2200 3237 2353 3316 sunt,
2402 3258 2551 3320 quas

488 3330 775 3415 lacrymis
805 3330 1002 3393 cernis
1032 3328 1344 3392 interlitas.
1382 3353 1405 3385 »

629 3444 696 3508 [8.
733 3440 1095 3511 Hieronymus,
1136 3438 1341 3507 Epistola
1374 3439 1510 3502 XIV,
1548 3439 1622 3489 ad
1651 3436 1965 3490 Heliodorum
2012 3435 2245 3505 (Migne,
2282 3437 2420 3487 Patr.
2445 3434 2551 3502 lat„

487 3524 657 3587 XXII,
685 3537 730 3573 c.
768 3521 913 3587 347);
939 3517 1007 3571 cf.
1036 3517 1241 3587 Epistola
1263 3520 1351 3583 IV,
1377 3519 1452 3569 ad
1473 3516 1763 3570 Florentium
1790 3515 1950 3582 (ibid,
1974 3533 2016 3568 c.
2049 3515 2220 3584 335).]

572 3660 596 3690 «
634 3633 701 3698 Ο
733 3631 977 3716 quoties
1010 3651 1123 3712 ego
1167 3629 1286 3711 ipse
1316 3629 1378 3690 in
1408 3650 1618 3691 eremo
1649 3626 2031 3705 constitutus,
2080 3625 2139 3689 &
2170 3628 2231 3689 in
2261 3626 2364 3687 illa
2391 3627 2553 3689 vasta

489 3720 831 3797 solitudine,
879 3740 1015 3803 quae
1060 3716 1268 3780 exusta
1305 3716 1443 3779 solis
1485 3716 1824 3794 ardoribuS,
1864 3714 2183 3776 horridum
2233 3716 2552 3778 monachis

491 3810 726 3893 praestat
746 3805 1184 3884 habitaculum,
1201 3805 1487 3887 putabam
1514 3826 1613 3885 me
1625 3804 1926 3867 Romanis
1943 3800 2217 3866 interesse
2242 3802 2553 3867 deliciism.

571 3899 736 3963 Cum
759 3912 898 3958 ante
920 3916 1114 3957 annos
1138 3893 1437 3975 plurimos
1462 3894 1671 3972 dom0,
1692 3892 2065 3974 parentibus,
2087 3891 2304 3971 sorore,
2326 3914 2552 3976 cogna-

493 3990 586 4067 tis,
634 3987 693 4050 &
742 3984 909 4068 quod
957 3983 1052 4046 his
1108 3981 1417 4045 difficilius
1460 3982 1564 4059 est,
1613 3981 2052 4044 consuetudine
2092 3980 2369 4045 lautioris
2411 3983 2553 4060 cibi,

493 4090 743 4157 propter
786 4072 1091 4137 coelorum
1121 4093 1220 4133 me
1251 4092 1437 4153 regna
1464 4067 1821 4146 castrassem,
1871 4068 1929 4131 &
1974 4068 2364 4155 lerosolymam
2394 4071 2555 4133 mili-

495 4179 724 4227 taturus
768 4182 1105 4243 pergerem,
1149 4159 1556 4237 Bibliotheca,
1609 4180 1792 4242 quam
1851 4157 1998 4218 mihi
2051 4156 2273 4220 Romae
2320 4158 2553 4222 summo

495 4249 689 4313 studio
719 4271 790 4313 ac
818 4247 1029 4311 labore
1058 4249 1465 4325 confeceram,
1514 4268 1723 4310 carere
1752 4246 2009 4308 omnino
2038 4266 2165 4307 non
2196 4261 2487 4328 poteram.
2525 4271 2550 4304 2

776 4358 819 4412 P
1181 4367 1191 4378 ⁸
2309 4374 2337 4424 9
