3620 5680
1389 509 1599 609 (326)
2384 532 2483 611 47

422 747 618 826 ludas,
661 746 886 829 inquit:
932 771 956 804 ‹
1009 746 1240 808 Audivi
1272 763 1505 828 patrem
1534 767 1741 807 meum
1770 746 2100 825 dicentem,
2148 747 2314 829 quod
2344 745 2480 810 suus

426 863 449 894 α
486 852 695 898 atavus
719 835 823 897 fibi
855 835 1087 897 dixerat
1108 835 1212 897 ubi
1235 832 1424 897 Iudaei
1454 834 1742 896 miserunt
1765 856 1918 896 eam.
1943 859 1967 891 »
1997 833 2137 897 Post
2155 836 2287 897 haec
2310 837 2482 898 dixe-

420 941 557 986 runt
587 925 831 1006 reginae,
878 925 1042 1007 quod
1070 923 1252 986 ludas
1277 924 1527 987 dixerat.
1551 923 1791 1006 Regina
1812 944 1959 985 vero
1986 924 2237 986 retinuit
2264 921 2484 985 Iudam

422 1014 479 1075 &
507 1012 778 1095 alligavit
805 1034 967 1091 eum,
997 1012 1194 1075 donec
1225 1011 1347 1094 ipse
1376 1008 1556 1075 Iudas
1595 1013 1793 1074 oravit
1836 1012 1909 1073 ad
1944 1012 2174 1093 Deum,
2215 1012 2276 1075 &
2308 1012 2483 1075 Deus

421 1100 711 1162 indicavit
740 1101 795 1161 ei
826 1101 929 1162 ubi
958 1099 1159 1164 sancta
1187 1122 1338 1162 crux
1366 1115 1509 1163 erat.
1556 1099 1875 1162 Foderunt
1904 1116 2107 1163 autem
2138 1116 2382 1179 terram,
2423 1099 2484 1162 &

421 1188 797 1252 invenientes
841 1204 960 1252 tres
1002 1208 1213 1251 cruces
1256 1188 1596 1252 nescierunt
1638 1210 1775 1271 quae
1817 1186 1961 1251 effet
2002 1209 2154 1251 crux
2199 1188 2483 1268 Domini,

419 1275 511 1338 sed
539 1292 814 1340 mortuus
837 1277 1072 1342 ablatus
1111 1277 1283 1359 super
1304 1299 1553 1341 crucem
1576 1278 1882 1340 latronum
1905 1299 2032 1341 non
2057 1280 2271 1358 movit,
2301 1279 2482 1341 tertio

417 1381 621 1427 autem
663 1364 835 1447 super
886 1388 1136 1429 crucem
1181 1366 1442 1429 Domini
1494 1365 1554 1428 &
1601 1367 1840 1445 revixit,
1880 1367 1940 1430 δι
1984 1368 2067 1429 ita
2107 1367 2354 1429 inventa
2399 1367 2485 1428 est

418 1453 616 1516 sancta
652 1473 818 1516 crux.
862 1453 1003 1516 Post
1038 1456 1169 1516 haec
1200 1455 1487 1517 foderunt
1515 1456 1577 1516 in
1608 1457 1831 1517 eodem
1860 1455 1998 1516 loco
2029 1456 2089 1519 δε
2118 1456 2485 1518 invenerunt

417 1543 642 1620 clavos,
673 1564 828 1626 quos
850 1541 1116 1606 fixerunt
1137 1545 1200 1605 in
1224 1543 1504 1606 manibus
1528 1544 1587 1606 &
1611 1544 1867 1625 pedibus
1892 1545 2175 1623 Domini,
2202 1544 2262 1607 δι
2291 1566 2481 1606 unum

417 1653 489 1693 ex
519 1631 637 1694 illis
669 1631 837 1694 dedit
868 1630 1109 1695 Helena
1139 1631 1566 1710 ConstantinO,
1601 1653 1787 1714 quem
1819 1632 2017 1714 posuit
2045 1634 2103 1694 in
2137 1633 2310 1695 freno
2340 1633 2481 1715 equi

417 1719 521 1798 sui,
563 1720 623 1783 &
669 1718 805 1802 post
844 1721 978 1782 haec
1006 1743 1132 1783 non
1162 1721 1277 1783 fuit
1320 1720 1516 1783 victus
1560 1721 1621 1781 in
1665 1720 1849 1782 bello.
1897 1720 2110 1782 Postea
2150 1717 2485 1804 baptizavit

416 1807 653 1887 ludam,
697 1809 1021 1891 imponens
1063 1808 1167 1871 fibi
1209 1830 1438 1871 nomen
1472 1805 1806 1895 Quiracus,
1854 1809 1914 1872 δι
1956 1809 2268 1873 constituit
2308 1809 2485 1871 illum

419 1896 773 1980 episcopum
821 1898 883 1958 in
927 1898 1258 1983 Ierusalem,
1308 1918 1415 1980 per
1468 1918 1655 1980 quem
1702 1896 2016 1961 Dominus
2066 1900 2347 1982 dignatus
2400 1898 2489 1962 est

420 1985 615 2048 multa
642 1986 841 2047 facere
871 1986 1178 2055 miracula.
1216 2011 1240 2044 2

559 2085 722 2155 [Beda
749 2089 897 2151 ven„
923 2086 1101 2139 Hamil.
1117 2086 1330 2154 subdit„
1347 2082 1526 2140 Xcm
1553 2086 1779 2155 (Migne,
1800 2089 1936 2139 Patr.
1956 2085 2063 2152 lat„
2081 2089 2269 2153 XCIV,
2288 2105 2478 2155 c.494·

419 2165 586 2236 495)·]

502 2301 525 2332 α
566 2272 778 2359 Itaque
811 2274 1096 2360 [Helena]
1129 2298 1273 2338 cum
1303 2277 1532 2361 ingenti
1565 2275 1957 2338 multitudine
1993 2275 2053 2338 &
2080 2277 2243 2360 regia
2283 2272 2479 2340 ambi-

421 2363 584 2425 tione
633 2363 1085 2452 Hierosolymam
1137 2365 1359 2448 pergit,
1422 2365 1481 2427 &
1531 2365 1870 2446 ingreditur
1921 2365 2135 2425 urbem
2184 2387 2310 2427 non
2363 2366 2482 2427 iam

419 2449 624 2514 Iudaea
664 2451 758 2515 sed
807 2453 1167 2533 Christiana,
1216 2454 1274 2516 &
1313 2454 1505 2535 coepit
1535 2474 1806 2535 quaerere
1837 2454 2042 2516 animo
2085 2453 2243 2515 virili
2276 2453 2336 2516 &
2365 2455 2484 2517 fer-

419 2541 756 2603 ventissimo
782 2542 920 2605 zelo
945 2541 1180 2625 lignum
1204 2543 1420 2604 sanctae
1449 2545 1663 2605 crucis.
1685 2540 1882 2628 Quod
1908 2543 2047 2604 ideo
2071 2543 2143 2623 ad
2170 2543 2486 2606 invenien-

421 2631 566 2691 dum
609 2629 785 2693 valde
825 2632 1068 2693 difficile
1113 2649 1259 2711 erat,
1296 2633 1458 2715 quia,
1487 2647 1555 2693 ut
1580 2630 1961 2714 Ecclefiastica
1989 2646 2194 2693 narrat
2237 2631 2487 2717 historia,

420 2718 494 2779 ab
525 2718 711 2781 Helio
753 2719 1031 2782 Adriano
1062 2721 1135 2782 ad
1168 2719 1608 2805 suggestionem
1640 2718 2004 2800 pontificum
2046 2715 2393 2783 Iudaeorum
2424 2722 2483 2783 in

421 2829 494 2869 eo
529 2805 668 2871 loco
702 2806 1001 2891 templum
1033 2809 1263 2872 Veneri
1295 2810 1488 2871 fuerat
1515 2807 1953 2871 constructum.
2000 2807 2136 2897 Qui
2170 2808 2489 2892 pontifices

422 2897 558 2958 ideo
608 2898 729 2958 hoc
770 2897 1063 2975 fecerunt,
1111 2913 1178 2960 ut
1214 2897 1603 2960 aemulatione
1647 2898 1835 2960 livida
1880 2897 2168 2961 tollerent
2207 2898 2487 2962 fidelibus

423 2984 650 3064 locum,
691 3007 768 3048 ne
814 2986 895 3048 ibi
928 2983 1162 3068 poffent
1193 2986 1438 3051 Christo
1467 2986 1710 3049 flectere
1738 3008 1956 3069 genua,
1991 2987 2094 3051 ubi
2139 2987 2489 3070 prostibulae

423 3073 691 3137 mulieris
733 3090 863 3137 erat
918 3071 1349 3138 simulachrum
1401 3076 1664 3137 affixum.
1725 3075 1840 3138 Sed
1890 3077 2099 3159 regina
2136 3075 2490 3163 fidelissima,

422 3162 691 3224 funditus
735 3162 942 3225 everso
985 3163 1218 3246 templo
1265 3165 1484 3245 pariter
1522 3163 1582 3226 &
1626 3164 1794 3226 idolo
1842 3181 2207 3243 memoratO,
2257 3165 2489 3227 invenit

423 3266 542 3313 tres
585 3272 818 3329 cruces,
869 3251 1132 3313 Domini
1177 3253 1399 3334 pariter
1448 3253 1507 3315 ὅτ
1555 3251 1884 3315 latronum.
1935 3253 2040 3316 De
2075 3252 2295 3335 quibus
2343 3275 2487 3315 cum

422 3354 556 3402 orta
600 3336 795 3401 fuiffet
836 3335 1151 3419 haefitatio,
1193 3361 1336 3402 cum
1380 3340 1576 3424 qualis
1625 3341 1768 3404 effet
1795 3362 1948 3403 crux
1980 3341 2318 3404 Dominica
2347 3361 2488 3424 pro-

422 3429 550 3510 prie
610 3426 966 3506 nesciretur,
1024 3428 1193 3490 iuxta
1247 3430 1660 3492 narrationem
1706 3429 2007 3512 praediecae
2058 3429 2334 3514 historia,
2393 3431 2488 3492 vir

420 3515 781 3580 venerabilis
811 3515 1318 3604 Hierosolimorum
1354 3532 1503 3580 tunc
1534 3519 1828 3600 temporis
1859 3517 2099 3581 antistes
2132 3518 2488 3582 Macharius

423 3604 599 3667 solvit
626 3606 784 3667 hanc
813 3603 1280 3667 dubitationem.
1333 3605 1529 3693 Quod
1561 3607 1664 3690 qui
1697 3608 1936 3688 plenius
1965 3603 2131 3669 noffe
2175 3603 2489 3684 defiderat,

424 3694 688 3755 eiusdem
739 3692 981 3778 historice
1044 3692 1269 3755 librum
1328 3695 1639 3757 decimum
1690 3694 1866 3777 legat.
1929 3694 2041 3758 Sed
2094 3715 2221 3757 non
2271 3694 2376 3758 abs
2423 3715 2490 3756 re

424 3781 857 3860 iudicavimus,
915 3782 956 3844 fi
1018 3781 1078 3844 δε
1129 3782 1392 3845 breviter
1450 3784 1731 3846 eamdem
1787 3783 1889 3845 hic
1939 3784 2242 3845 rationem
2292 3783 2491 3865 prose-

424 3892 702 3953 quamur.

511 3986 534 4017 ‹
570 3958 667 4020 Eo
699 3974 981 4040 tempore
1010 3974 1138 4021 erat
1167 3959 1250 4021 ibi
1281 3961 1465 4021 vidua
1511 3961 1762 4021 nomine
1805 3959 2090 4040 Libania,
2140 3982 2278 4042 quae
2324 3961 2489 4044 prius

423 4049 617 4111 fuerat
658 4045 891 4124 Iudaea3
941 4046 1037 4109 sed
1081 4047 1372 4111 defuncto
1417 4049 1547 4110 viro
1593 4047 1718 4126 su0,
1766 4045 2020 4128 Isachar,
2063 4048 2278 4112 relicta
2317 4048 2488 4132 syna*

424 4158 599 4220 gogae
644 4133 912 4219 perfidia,
960 4136 1227 4198 contulit
1269 4135 1325 4198 se
1368 4137 1440 4199 ad
1492 4134 1828 4199 Ecclefiam
1879 4135 2124 4200 Christi.
2175 4137 2331 4200 Haec
2380 4136 2488 4199 illo

427 4243 704 4307 tempore
748 4222 1055 4287 subitanea
1098 4240 1296 4288 morte
1346 4240 1674 4307 praeventa,
1716 4223 2000 4307 supremo
2043 4225 2190 4288 flatu
2222 4226 2489 4309 pectoris

426 4314 512 4380 sui
551 4327 890 4376 extremum
934 4312 1206 4375 trahebat
1248 4312 1551 4397 spiritum:
1601 4313 1864 4377 habebat
1903 4329 2110 4377 autem
2152 4335 2485 4380 moerorem
