3620 5680
1081 493 1209 540 100
1981 471 2209 566 1400)

1300 701 1432 766 Iam
1460 706 1764 769 vocabant
1789 707 2072 772 homines
2099 710 2418 778 hominem
2448 710 2717 789 beatum,

1386 792 1603 880 Quem
1632 797 1840 857 divina
1867 799 2147 861 viderant
2175 819 2330 861 voce
2361 797 2717 879 revelatum,

1388 882 1502 945 Sed
1534 884 1823 948 mirantes
1854 886 2117 948 maxime
2146 908 2334 969 quare
2364 902 2487 960 tam
2520 889 2844 969 privatum,

1391 969 1524 1057 Qui
1557 986 1680 1033 tam
1711 973 1893 1056 digne
1923 973 2235 1048 scanderet
2262 975 2418 1050 celsa
2447 975 2832 1058 dignitatum.

1302 1060 1556 1123 Sanetus
1585 1075 1790 1130 autem
1819 1061 2022 1144 clipeo
2057 1062 2199 1124 fidei
2233 1064 2503 1128 munitus

1248 1161 1255 1168 ’
1379 1147 1628 1210 Tamen
1659 1148 1743 1211 est
1772 1150 1833 1212 in
1864 1150 2071 1233 aliquo
2101 1150 2265 1234 quasi
2294 1154 2418 1214 iam
2449 1156 2718 1234 punitus,

1394 1238 1487 1299 Ut
1514 1238 1619 1319 qui
1648 1236 1863 1301 volens
1891 1254 2143 1304 venerat
2171 1239 2408 1322 fugeret
2439 1241 2684 1321 invitus,

1385 1325 1487 1387 Ne
1518 1324 1784 1404 molliret
1812 1326 2087 1394 animum
2117 1326 2311 1390 laudis
2340 1330 2664 1411 appetitus,

1300 1411 1434 1476 lam
1464 1416 1539 1476 de
1569 1416 1711 1497 fuga
1738 1415 1976 1498 fugiens
2004 1436 2225 1477 navem
2254 1416 2347 1479 bis
2375 1416 2664 1499 ascendit,

1379 1499 1533 1564 Inde
1563 1503 1916 1583 Laodiciam,
1946 1505 2166 1566 deinde
2206 1504 2461 1595 Tarsum
2490 1509 2715 1572 tendit:

1381 1591 1494 1653 Sed
1528 1591 1889 1655 incumbens
1917 1592 2124 1675 aquilo
2155 1594 2290 1660 vela
2318 1597 2719 1679 deprehendit

1381 1679 1465 1741 Et
1495 1680 1553 1741 in
1586 1695 1795 1762 portus
1827 1680 2021 1743 Latios
2050 1703 2230 1765 agere
2259 1685 2599 1752 contendit.

1307 1768 1478 1831 Urbe
1509 1767 1725 1850 procul
1754 1770 1959 1850 agnita
1988 1770 2310 1854 patriisque
2342 1776 2557 1854 muris,
2627 1795 2630 1798 ’

1383 1857 1605 1919 Secum
1635 1857 1827 1938 coepit
1857 1877 2034 1938 agere
2064 1857 2257 1925 multa
2285 1860 2360 1922 de
2390 1862 2607 1925 futuris

1379 1943 1462 2007 Et
1490 1958 1636 2005 tunc
1667 1944 1917 2006 demum
1946 1946 2226 2026 gravibus
2254 1946 2499 2012 aestuare
2528 1953 2692 2022 curis

1387 2028 1581 2119 Quafi
1611 2053 1724 2113 pro
1756 2033 2109 2115 parentibus
2140 2034 2258 2098 sese
2284 2038 2640 2120 cognituris.
2687 2065 2712 2097 ι

1203 2160 1553 2229 [AnonymuS‚
1582 2157 1760 2224 Vitas.
1788 2157 1964 2226 Alexis
1983 2158 2265 2226 corffeffiris,
2306 2161 2488 2231 stroph.
2531 2182 2708 2232 34·43,
2731 2173 2818 2232 46,
2854 2186 2936 2237 55,
2962 2175 3117 2237 60-63

1064 2238 1175 2304 (Μ.
1218 2242 1394 2305 Haupt
1429 2238 1477 2288 &
1518 2239 1586 2290 H.
1630 2237 1931 2303 Hoffmann,
1973 2238 2284 2305 Altdeutsche
2323 2241 2532 2309 Bldtter,
2575 2244 2733 2313 Lips„
2785 2253 2938 2314 1840,
2985 2261 3021 2301 t.
3053 2252 3120 2318 11,

1063 2318 1304 2387 p.273)J

1224 2484 1250 2516 ι
1288 2457 1389 2522 Or
1417 2457 1542 2518 s'en
1572 2456 1696 2518 vait
1724 2456 1765 2517 li
1797 2453 2049 2536 danfias,
2093 2459 2174 2519 n’i
2207 2475 2351 2538 veut
2381 2460 2517 2543 plus
2546 2462 2826 2528 demorer
2868 2467 2948 2549 (v.
2978 2470 3122 2551 312)

1220 2544 1303 2607 Et
1330 2547 1462 2606 vint
1491 2565 1525 2605 a
1553 2544 1658 2605 son
1690 2545 1878 2606 tresor
1905 2543 1964 2626 la
1990 2567 2029 2605 u
2061 2544 2102 2606 il
2132 2545 2281 2609 fieut
2308 2547 2455 2628 aler,

1217 2632 1393 2695 Tant
1421 2631 1566 2713 prist
1595 2633 1670 2693 de
1699 2631 1804 2694 son
1835 2634 2005 2694 avoir
2033 2656 2153 2717 que
2182 2634 2225 2696 il
2255 2658 2331 2697 en
2362 2655 2509 2721 puet
2539 2657 2763 2722 porter,

1222 2720 1364 2783 Puis
1394 2718 1478 2781 est
1507 2720 1692 2802 partis
1722 2720 1797 2780 de
1826 2718 2023 2799 Rome,
2050 2722 2135 2782 n'i
2164 2739 2310 2786 veut
2339 2727 2490 2789 mais
2520 2729 2818 2795 demorer.

1220 2809 1357 2872 Tot
1385 2809 1519 2870 nuit
1547 2830 1625 2870 ne
1653 2806 1774 2870 fina
1803 2809 1951 2872 dans
1983 2809 2198 2874 Alexis
2228 2812 2413 2876 d’aler

1220 2898 1304 2961 Et
1333 2898 1390 2960 le
1421 2898 1514 2959 ior
1542 2898 1597 2959 el
1630 2897 1873 2959 demain
1902 2919 1980 2960 ne
2009 2916 2118 2961 vot
2146 2900 2283 2963 aine
2314 2904 2552 2969 arester.

1221 2987 1393 3049 Tote
1423 2986 1586 3047 droit
1614 3008 1688 3048 au
1721 3002 1860 3067 port
1889 2988 1964 3047 de
1996 2986 2196 3070 Caples
2224 2990 2308 3051 est
2336 2995 2535 3058 entres
2564 3018 2640 3059 en
2671 2997 2730 3060 13
2760 3023 2890 3064 mer

1220 3076 1317 3138 En
1351 3096 1469 3136 une
1496 3074 1611 3135 n'ef
1625 3072 1834 3156 garnie
1864 3076 1968 3157 qui
1999 3079 2124 3138 s'en
2156 3079 2366 3141 devoit
2394 3080 2586 3165 paffer

1224 3166 1431 3231 Outre
1460 3162 1517 3224 el
1548 3184 1731 3246 regne
1760 3162 1837 3225 de
1866 3164 1989 3226 Sire
2019 3187 2132 3247 por
2161 3169 2330 3231 avoir
2358 3187 2578 3236 acater.

1221 3254 1395 3316 Tant
1422 3252 1683 3314 keurent
1710 3252 1847 3313 nuit
1875 3252 1935 3314 δε
1963 3254 2057 3314 ior
2086 3276 2193 3337 par
2222 3254 2396 3319 oscur
2423 3259 2483 3322 δε
2513 3284 2618 3346 par
2645 3266 2772 3328 cler

1224 3342 1432 3430 Qu'au
1464 3341 1627 3401 droit
1657 3355 1799 3422 port
1827 3362 1861 3402 a
1888 3340 2178 3417 Laudiche
2206 3362 2402 3409 entret
2431 3348 2564 3414 son‘t
2591 3374 2667 3415 en
2698 3353 2755 3418 13
2781 3378 2931 3422 mer.

1221 3431 1394 3494 Affes
1423 3450 1527 3492 ara
1554 3429 1641 3491 ses
1671 3451 1846 3512 peres
1876 3430 2204 3496 desormais
2233 3435 2502 3517 aplorer

1222 3520 1306 3583 Et
1333 3519 1390 3580 sa
1416 3539 1584 3580 mere
1615 3517 1674 3579 &
1705 3518 2001 3601 s'espouse
2031 3542 2065 3601 a
2095 3520 2367 3603 plaindre
2397 3527 2457 3589 δε
2486 3529 2739 3598 doloser.

1225 3606 1444 3694 Quant
1467 3605 1507 3667 li
1533 3605 1683 3687 fains
1713 3608 1880 3671 enfes
1911 3609 1974 3677 fu
2005 3611 2080 3671 de
2112 3609 2169 3672 la
2196 3614 2312 3674 nef
2328 3613 2723 3702 deschendus,

1221 3697 1316 3759 La
1342 3695 1477 3756 nuit
1507 3695 1638 3757 vint
1666 3716 1700 3756 a
1726 3695 2037 3777 Laudiche,
2065 3698 2122 3760 el
2151 3701 2315 3773 main
2346 3706 2474 3765 s’en
2502 3704 2793 3792 est'iss‘us3

1219 3783 1380 3846 Tost
1408 3785 1533 3846 s’en
1563 3784 1678 3846 fuit
1707 3786 1782 3846 de
1810 3783 1870 3846 la
1896 3785 2016 3848 vile
2046 3788 2196 3870 qu'il
2224 3791 2306 3851 n’i
2337 3790 2449 3855 soit
2479 3801 2709 3863 eoneiis

1221 3874 1305 3936 Et
1332 3871 1608 3955 trespaffe
1638 3876 1712 3936 de
1742 3875 1864 3936 Sire
1893 3891 2113 3957 tertres,
2137 3877 2197 3957 &
2226 3881 2360 3963 puis
2391 3904 2555 3967 agas,

1219 3963 1394 4025 Tant
1422 3962 1544 4024 vait
1574 3983 1678 4046 par
1707 3962 1793 4026 ses
1825 3967 2063 4029 iornees
2092 3968 2241 4050 qu'il
2270 3991 2349 4034 ne
2377 3972 2441 4033 fu
2471 3991 2736 4058 retenus,

1224 4052 1394 4138 Qu’a
1422 4052 1598 4133 paine
1626 4051 1688 4119 ,δι
1718 4073 1752 4113 3
1779 4052 1988 4115 travail
2018 4055 2101 4117 est
2131 4077 2165 4116 a
2190 4055 2404 4120 Rohais
2433 4081 2644 4151 venu3‚t

1220 4140 1315 4203 La
1345 4156 1515 4202 trova
1544 4163 1662 4202 une
1693 4141 1891 4223 image
1920 4143 2072 4205 dont
2102 4143 2300 4227 Dieuts
2329 4148 2436 4225 fait
2461 4170 2637 4233 grans
2666 4171 2885 4220 vertus.
