3620 5680
984 532 1128 614 234
1917 514 2128 613 (562)

979 771 1220 817 tantum
1264 753 1508 816 famulae
1537 753 1837 815 comitatu
1882 768 2192 815 contenta.
2258 752 2424 837 Quae
2469 751 2790 835 postquam
2820 753 3065 815 Romam

978 846 1277 926 pervenit,
1328 843 1401 904 ad
1455 842 1668 903 limina
1726 843 1885 904 beati
1939 842 2097 904 Petri
2154 841 2408 924 apostoli
2476 863 2582 922 per
2643 841 2879 925 aliquot
2937 843 3064 903 dies

978 950 1217 994 morata
1266 932 1371 1010 est,
1418 933 1644 1015 ibique,
1690 931 1834 993 Deo
1885 931 2263 1013 disponente,
2303 931 2535 992 invenit
2585 931 2778 993 socios
2832 931 3064 993 itineris

981 1043 1144 1082 mare
1177 1019 1418 1082 tranfire
1448 1022 1783 1102 cupientes.

1065 1162 1089 1193 α
1127 1135 1349 1197 Leaio
1385 1132 1561 1198 VIII.
1605 1134 1689 1198 lis
1721 1137 1905 1218 igitur
1938 1137 2143 1198 iun&a
2172 1138 2416 1218 navigio
2450 1139 2723 1218 pervenit
2748 1137 2821 1198 ad
2855 1136 3062 1197 locum

978 1225 1082 1286 ubi
1106 1222 1357 1286 ecclefia
1381 1242 1507 1287 erat
1524 1224 1874 1286 consecrata
1898 1227 1957 1286 in
1982 1227 2219 1287 honore
2244 1224 2426 1288 sanai
2447 1225 2739 1289 Iohannis
2760 1226 3065 1307 Baptistae,

980 1314 1040 1373 in
1066 1335 1186 1395 qua
1210 1313 1416 1395 pollex
1434 1314 1493 1375 &
1513 1335 1646 1396 pars
1671 1315 2001 1396 digitorum
2025 1336 2239 1377 manus
2262 1314 2491 1377 dextrae
2517 1315 2575 1377 δι
2600 1317 2881 1397 quaedam
2912 1337 3064 1396 prae-

980 1402 1082 1464 fati
1117 1402 1398 1484 Baptistae
1431 1403 1705 1486 reliquiae
1736 1405 2071 1465 reconditae
2101 1404 2360 1465 fuerunt.
2400 1429 2424 1461 2

1122 1521 1360 1586 [Officium
1373 1521 1414 1584 fi
1441 1521 1685 1589 Ytgridis,
1716 1540 1776 1572 ex
1803 1521 2050 1574 breviario
2077 1522 2298 1590 quodam
2328 1522 2545 1576 ecclefiae
2573 1525 2603 1574 s.
2632 1523 2869 1574 Iohannis
2901 1526 3062 1575 Mau·

978 1599 1227 1662 tianenIiS,
1271 1601 1379 1652 saec.
1420 1603 1546 1651 XVI
1579 1602 1831 1665 confeGlO,
1865 1620 1947 1670 ap.
2002 1603 2160 1670 Greg.
2193 1603 2421 1666 Turon.,
2465 1606 2631 1671 Opera
2682 1603 2789 1669 (ed.
2838 1602 3066 1669 Bordier,

978 1682 1018 1744 1,
1051 1682 1215 1750 399)·]

1065 1836 1089 1867 ι
1114 1810 1267 1871 Haec
1299 1810 1358 1872 ὅτ
1388 1809 1504 1871 alia
1535 1811 1776 1891 pietatis
1808 1832 1998 1892 opera
2028 1811 2346 1893 agentibus
2377 1812 2618 1889 accidit,
2632 1828 2700 1872 ut
2718 1812 3058 1872 monacho-

979 1920 1112 1959 rum
1141 1898 1562 1981 religiosorum
1593 1900 1935 1961 fruerentur
1975 1901 2260 1976 adventu,
2291 1901 2393 1982 qui
2426 1923 2502 1961 ex
2531 1900 3062 1989 Hierosolymitanis

981 1988 1250 2068 partibus
1282 1988 1518 2049 Scotiam
1548 2010 1800 2070 pergere
1856 1989 2214 2050 fatebantur.
2273 1988 2458 2069 Apud
2492 2011 2641 2071 quas
2685 2011 2826 2050 cum
2861 1989 3061 2050 triduo

980 2076 1458 2154 demorarentur,
1502 2079 1577 2138 de
1625 2076 1900 2160 reliquiis
1940 2077 1976 2138 s.
2009 2074 2257 2138 Ioannis
2290 2075 2594 2158 Baptistae,
2640 2077 2888 2139 volente
2923 2077 3061 2139 Do-

980 2167 1172 2243 min0,
1200 2188 1342 2227 cum
1374 2165 1491 2229 illis
1518 2166 1861 2227 habuerunt
1886 2165 2291 2248 colloquium,
2316 2167 2589 2228 dicentes
2621 2188 2762 2227 eum
2795 2166 3061 2227 decolla-

980 2269 1111 2315 tum
1154 2254 1321 2315 fuiffe
1365 2256 1524 2335 apud
1568 2255 1881 2335 quoddam
1923 2254 2159 2316 Arabiae
2188 2253 2523 2332 castellum,
2567 2257 2732 2337 quod
2766 2254 3061 2317 Machae-

978 2359 1153 2404 runta
1205 2344 1579 2421 nominatur,
1632 2343 1691 2404 &
1749 2345 1908 2425 apud
1977 2344 2289 2405 civitatem
2338 2343 2654 2420 Samariae,
2705 2365 2841 2425 quae
2894 2366 3060 2406 nunc

979 2431 1194 2516 Sebaste
1222 2432 1461 2510 dicitur,
1512 2433 1867 2506 conditum3
1911 2447 2097 2513 caput
2126 2448 2329 2493 autem
2374 2431 2830 2519 Hierosolymam
2862 2432 3057 2513 perla-

980 2535 1129 2598 tum,
1161 2520 1219 2582 δι
1250 2521 1332 2581 ibi
1363 2543 1505 2581 cum
1538 2523 1806 2581 maximo
1831 2522 2064 2581 honore
2085 2522 2428 2582 humatum.
2460 2519 2600 2581 Post
2630 2519 2814 2602 longa
2843 2521 3057 2582 decol-

978 2610 1224 2672 lationis
1265 2610 1394 2671 eius
1445 2625 1742 2691 tempora,
1778 2611 1854 2671 ab
1904 2609 2030 2691 ipso
2076 2609 2412 2671 revelatum
2463 2609 2703 2671 duobus
2734 2611 3054 2672 monachis

979 2698 1370 2761 orientalibus
1422 2699 1523 2780 qui
1567 2697 1859 2760 orationis
1902 2698 2074 2760 causa
2126 2714 2417 2759 venerant
2460 2697 2937 2847 Hiersofolymam,
2999 2699 3058 2760 δε

978 2788 1119 2850 inde
1162 2786 1426 2870 Ediſjam
1475 2786 1785 2849 Phoeniciae
1836 2787 2145 2849 civitatem
2197 2785 2535 2868 perlatum;
2576 2808 2613 2848 o
2665 2807 2699 2847 a
2740 2807 2884 2848 vero
2929 2788 3057 2851 eius

978 2877 1178 2939 saneta
1240 2878 1403 2958 prius
1469 2879 1544 2938 de
1605 2876 1879 2938 Samaria
1931 2876 2390 2965 Hierosolymam
2443 2876 2734 2953 transsata,
2801 2876 2860 2938 &
2915 2878 3058 2937 inde

979 2967 1395 3028 Alexandriam
1445 2964 1794 3042 transmissa,
1845 2966 1943 3027 ubi
1997 2987 2160 3026 nunc
2199 2966 2260 3026 in
2303 2962 2574 3042 ecclefia,
2617 2988 2754 3047 quae
2785 2966 2845 3026 in
2876 2964 3056 3046 ipfius

975 3055 1229 3116 nomine
1281 3054 1365 3115 est
1424 3053 1797 3131 construeta,
1860 3052 2176 3115 recondita
2225 3054 2542 3115 habentur.
2603 3053 2800 3138 Quod
2853 3054 3059 3116 divina

980 3144 1369 3226 providentia
1426 3144 1667 3205 aiebant
1705 3140 1823 3205 effe
1863 3143 2119 3217 faetum3
2170 3159 2237 3203 ut
2278 3140 2507 3203 scilicet
2556 3164 2662 3224 per
2706 3142 2881 3224 plura
2915 3142 3055 3204 loca

978 3231 1312 3314 deportatis
1364 3231 1548 3293 saneti
1603 3233 1882 3314 martyris
1919 3231 2212 3315 reliquiis,
2262 3230 2437 3313 plura
2486 3229 2724 3293 virtutis
2758 3228 2920 3313 figna
2951 3252 3057 3312 per

977 3323 1107 3384 eius
1138 3319 1635 3398 decollationem,
1667 3319 1910 3384 Christo
1944 3321 2256 3403 largiente,
2278 3319 2378 3380 cui
2403 3319 2819 3380 testimonium
2849 3321 3055 3401 perhi-

976 3412 1130 3489 buit,
1178 3409 1468 3492 cuiusque
1513 3431 1715 3491 praeco
1765 3408 1862 3470 vel
1908 3408 2236 3491 praecursor
2277 3409 2500 3485 extitit,
2552 3430 2659 3489 per
2703 3430 2803 3470 eas
2833 3408 3054 3470 fierent

980 3497 1310 3561 manifesta.

1062 3620 1086 3651 «
1122 3590 1420 3654 InstruRa
1450 3593 1670 3654 talibus
1704 3591 1829 3653 Dei
1861 3593 2087 3654 famula
2116 3614 2151 3653 a
2179 3592 2439 3674 praefatis
2484 3592 2646 3669 viris,
2691 3591 3052 3653 abeuntibus

978 3683 1119 3761 illis,
1166 3682 1358 3763 coepit
1402 3682 1514 3742 iter
1566 3681 1733 3742 suum
1784 3703 1927 3742 cum
1982 3680 2105 3742 Dei
2160 3680 2386 3743 auxilio
2441 3700 2814 3761 praeparare,
2872 3680 3050 3742 unius

978 3789 1214 3835 tantum
1258 3771 1498 3832 famulae
1542 3773 1840 3832 comitatu
1881 3786 2189 3832 contenta.
2224 3769 2391 3854 Quae
2437 3770 2756 3850 postquam
2804 3769 3048 3831 Romam

979 3860 1278 3942 pervenit,
1308 3862 1379 3920 ad
1413 3860 1625 3920 limina
1654 3859 1712 3920 b.
1746 3858 1904 3920 Petri
1938 3857 2192 3939 apostoli
2235 3879 2340 3939 per
2371 3857 2497 3918 dies
2527 3856 2764 3939 aliquot
2793 3872 3049 3934 morata,

977 3949 1227 4027 ibidem,
1266 3948 1408 4010 Deo
1450 3947 1829 4029 disponente,
1870 3948 2102 4008 invenit
2154 3946 2348 4008 socios
2396 3947 2642 4022 itineris,
2687 3966 2855 4006 mare
2887 3961 3051 4006 tran-

977 4037 1081 4099 fire
1123 4037 1458 4119 cupientes.
1505 4036 1620 4099 His
1653 4037 1835 4118 igitur
1876 4035 2100 4113 iundta,
2148 4035 2391 4117 navigio
2424 4033 2698 4114 pervenit
2736 4033 2807 4094 ad
2841 4032 3050 4094 locum

980 4126 1081 4187 ubi
1112 4126 1360 4187 ecclefia
1388 4142 1515 4186 erat
1542 4124 1894 4186 consecrata
1924 4125 1983 4185 in
2014 4125 2252 4185 honore
2283 4124 2319 4183 s.
2351 4119 2599 4183 Ioannis
2632 4122 2936 4203 Baptistae,
2985 4122 3046 4183 in

979 4237 1097 4297 qua
1127 4213 1332 4296 pollex
1363 4212 1421 4274 &
1452 4235 1590 4295 pars
1616 4214 1946 4295 digitorum
1979 4234 2193 4274 manus
2224 4214 2486 4273 dexterae
2516 4209 2574 4271 &
2605 4210 2884 4292 quaedam
2916 4209 3049 4271 aliae

978 4304 1210 4386 praefati
1244 4302 1528 4383 Baptistae
1559 4302 1835 4385 reliquiae
1865 4301 2199 4363 reconditae
2230 4302 2486 4363 fuerant.
