3620 5680
110 1037 152 1083 f.
182 1051 280 1100 ²53
302 1054 356 1097 a,
383 1040 476 1085 col.
494 1054 523 1086 2

114 3165 144 3210 f.
176 3175 283 3224 253
306 3160 359 3218 b,
388 3161 484 3206 col.
516 3174 536 3206 1

1481 518 1691 619 (417)
1909 537 1912 540 2
2473 543 2593 620 141

552 760 699 820 dum
726 772 873 839 aput
927 757 1241 839 piiffimam
1302 758 1571 839 reginam
1631 757 1979 821 Eudoxiam
2034 778 2219 840 quam
2274 757 2609 839 disponsare

550 846 794 908 volebat
836 846 1124 928 piiffimus
1165 846 1500 927 imperator
1541 844 1744 908 noster
1775 846 2261 909 Valentinianus.
2312 847 2607 930 Acceptis

552 936 755 1017 itaque
795 932 1030 1013 litteris,
1077 936 1488 1017 conpungitur
1526 935 1713 997 corde
1757 934 1817 997 ὅτ
1864 932 2157 996 desiderat
2192 935 2401 997 videre
2438 934 2609 999 suum

552 1021 942 1102 avunculum,
983 1023 1250 1104 primum
1289 1022 1539 1105 quidem
1583 1039 1829 1105 propter
1867 1023 2055 1105 ipsam
2085 1038 2398 1105 paternam
2427 1024 2610 1088 affec-

553 1112 806 1190 tionem,
846 1111 1007 1173 aliud
1063 1127 1315 1193 propter
1363 1112 1632 1174 divinam
1676 1111 2180 1194 dispensationem
2225 1113 2371 1196 quia
2416 1113 2613 1177 voluit

551 1200 823 1261 animum
852 1199 981 1262 eius
1020 1198 1247 1261 salvum
1287 1198 1444 1276 fieri3
1481 1217 1610 1262 erat
1648 1202 1814 1262 enim
1858 1200 2055 1262 adhuc
2097 1201 2358 1282 gentilis.
2392 1200 2612 1285 Quum

552 1309 694 1371 ergo
738 1290 1177 1371 cogitationem
1220 1310 1374 1369 opus
1415 1288 1889 1373 subsequeretur,
1930 1287 2061 1371 post
2106 1309 2287 1350 unam
2331 1289 2613 1372 septima-

551 1398 695 1440 nam
743 1374 941 1438 statim
996 1376 1350 1459 egredi[tur]
1406 1377 1478 1438 ab
1524 1374 1917 1462 Iherosolimis,
1965 1377 2249 1439 omnibus
2301 1377 2515 1462 sanctis
2558 1380 2615 1442 se

553 1466 994 1530 commendans
1037 1480 1105 1526 ut
1133 1486 1347 1528 omnes
1378 1482 1621 1528 orarent
1658 1487 1732 1526 ex
1763 1463 1907 1527 Deo
1939 1462 2056 1527 effe
2095 1465 2250 1527 hanc
2287 1467 2614 1550 cogitatio-

554 1576 716 1618 nem.
765 1552 1066 1615 Timebat
1112 1554 1277 1615 enim
1325 1553 1560 1635 semper
1608 1575 1683 1615 ne
1722 1553 1970 1636 quando
2009 1570 2180 1616 extra
2211 1554 2616 1617 volumtatem

559 1644 682 1707 Dei
713 1640 942 1723 aliquid
973 1657 1196 1725 ageret.

641 1755 666 1787 ‹
702 1727 1090 1792 Proficiscens
1117 1730 1296 1812 igitur
1325 1729 1584 1813 qualiter
1615 1750 1720 1812 per
1743 1729 1879 1793 loca
1908 1729 2137 1815 singula
2158 1730 2257 1792 vel
2285 1732 2561 1795 civitates
2585 1754 2620 1794 a

559 1817 773 1879 sancitis
795 1816 1092 1900 episcopis
1109 1818 1168 1880 &
1182 1819 1534 1880 hominibus
1555 1819 1990 1899 honorabatur,
2006 1821 2141 1904 quis
2161 1818 2357 1901 potest
2377 1820 2619 1883 edicere

559 1922 663 1969 aut
689 1906 886 1967 valeat
914 1926 1205 1969 enarrare.
1237 1906 1500 1969 Videres
1531 1928 1638 1988 per
1669 1904 1928 1988 lingulas
1957 1909 2234 1970 civitates
2257 1908 2619 1972 descendere

561 2016 665 2058 eos
707 1994 812 2076 qui
856 1993 1064 2058 multis
1107 1996 1484 2077 temporibus
1536 1996 1597 2056 in
1648 1994 2072 2059 solitudinibus
2115 1996 2620 2060 conversabantur

561 2102 884 2145 occurrere
924 2083 984 2145 &
1011 2084 1085 2145 ad
1116 2083 1450 2145 videndum
1480 2084 1912 2165 concupiscere
1943 2105 2127 2168 quam
2161 2085 2484 2148 virtutibus
2513 2108 2621 2148 au-

562 2172 799 2231 dierant
821 2169 1216 2233 relucentem.
1251 2169 1465 2257 Quam
1495 2192 1687 2255 quum
1716 2172 1997 2234 viderent
2023 2172 2207 2234 san&i
2245 2173 2530 2234 monachi
2561 2172 2622 2235 δε

559 2257 845 2338 virgineS,
879 2258 1165 2321 recedere
1193 2259 1486 2321 nolebant
1518 2260 1660 2341 quia
1690 2259 1764 2321 de
1797 2258 1957 2321 suavi
1990 2260 2119 2322 eius
2143 2256 2371 2322 visione
2399 2259 2460 2322 δε
2488 2260 2619 2323 elo-

562 2346 709 2428 quio
739 2344 874 2408 suos
909 2348 1146 2409 animos
1167 2369 1295 2409 non
1324 2346 1628 2409 satiabant.
1658 2345 1743 2409 Et
1770 2369 1915 2410 cum
1944 2347 2194 2411 venisset
2228 2348 2425 2431 [h]ora
2450 2370 2619 2412 rece-

564 2433 766 2511 dendi,
819 2434 1097 2496 omnium
1142 2455 1247 2517 pre
1292 2432 1587 2497 desiderio
1631 2436 1761 2499 eius
1808 2435 1993 2499 fiebat
2033 2440 2374 2499 commotio
2418 2437 2624 2501 flendi.

567 2522 1009 2585 Verumtamen
1054 2524 1197 2605 quia
1226 2522 1558 2585 misterium
1590 2525 1748 2607 regis
1777 2524 1996 2603 celare,
2047 2523 2169 2586 Dei
2203 2539 2409 2586 autem
2438 2547 2628 2608 opera

561 2609 828 2671 revelare
857 2610 1184 2693 gloriosum
1214 2610 1271 2672 δι
1303 2611 1525 2672 iustum
1562 2610 1666 2691 est,
1707 2613 2043 2696 ingreditur
2083 2614 2266 2695 igitur
2300 2613 2628 2676 beatissima

563 2700 626 2760 in
695 2697 971 2782 Tripolim
1030 2707 1175 2760 cum
1238 2700 1372 2763 suis.
1434 2698 1543 2762 Est
1590 2717 1796 2762 autem
1854 2700 1978 2763 illic
2042 2702 2394 2784 martyrium
2444 2701 2626 2765 sanai

565 2788 814 2866 Leonti,
863 2788 925 2850 in
956 2809 1080 2872 quo
1129 2790 1334 2869 etiam,
1386 2790 1803 2853 intercedente
1855 2789 2059 2853 sanfio
2102 2806 2389 2876 martyre,
2437 2793 2629 2855 multa

563 2880 724 2962 signa
750 2877 1179 2940 efficiebantur.
1207 2877 1381 2941 Mifit
1402 2901 1548 2962 ergo
1581 2879 1661 2941 ibi
1692 2881 1890 2959 beata,
1916 2879 1975 2942 ὅτ
2005 2881 2150 2962 quia
2178 2878 2371 2941 multa
2397 2883 2631 2943 anima-

566 2969 647 3031 lia
687 2963 1013 3031 necessaria
1040 2982 1214 3028 erant
1254 2967 1346 3029 his
1388 2969 1492 3051 qui
1533 2985 1705 3030 erant
1747 2991 1890 3031 cum
1929 2992 2019 3049 ea,
2062 2971 2321 3052 contigit
2362 2967 2629 3052 aliquem

567 3057 878 3134 curialem,
920 3053 1156 3117 Mesala
1183 3055 1455 3135 nomine,
1484 3057 1707 3118 durum
1737 3059 2012 3121 invenire
2042 3058 2103 3121 δε
2138 3057 2448 3120 difficilem
2487 3057 2629 3118 dare

567 3145 952 3208 evecstionem
978 3144 1091 3206 hac
1122 3146 1245 3231 (stc)
1280 3146 1541 3209 tribuere
1566 3146 1869 3209 animalia.
1892 3146 2457 3227 Tribulabaturque
2488 3145 2630 3206 bea-

568 3236 783 3299 tiffima
809 3235 869 3297 &
891 3235 1283 3318 permanebat
1311 3233 1516 3297 saneto
1547 3237 1775 3297 martiri
1801 3237 1863 3297 in
1894 3238 2175 3299 oratione
2205 3257 2240 3296 a
2267 3235 2510 3316 vespere
2532 3232 2627 3294 us-

567 3347 814 3409 quequo
846 3326 1131 3386 venirent
1158 3323 1463 3402 animalia,
1505 3324 1564 3387 &
1593 3326 1910 3406 egrediens
1942 3324 2339 3407 proficiscitur
2367 3322 2539 3385 simul
2569 3321 2628 3384 &

569 3416 673 3498 qui
715 3435 858 3477 cum
907 3435 979 3476 ea
1021 3428 1206 3478 erant.
1248 3412 1662 3495 Necdumque
1703 3410 2081 3476 transibimus
2122 3413 2219 3475 sex
2260 3429 2364 3474 aut
2402 3411 2630 3493 septem

570 3503 757 3581 milia,
779 3502 1164 3585 consequitur
1195 3521 1308 3562 nos
1330 3499 1503 3562 cursu
1527 3499 1776 3583 publico
1800 3501 2107 3583 predicitus
2132 3499 2368 3563 Mesala
2389 3497 2629 3562 curialis

567 3592 627 3654 &
642 3592 1071 3675 eoniu[n]gens
1082 3591 1140 3653 se
1153 3591 1422 3674 requiret
1436 3590 1642 3652 dicens
1659 3612 1706 3652 z«
1721 3592 1848 3654 Ubi
1860 3591 1944 3653 est
1955 3589 2244 3673 presbiter
2259 3590 2317 3652 ἓ»
2334 3588 2471 3671 Ego
2488 3609 2632 3650 eum

571 3681 753 3744 effem
777 3680 1161 3744 inconsuetus
1183 3679 1626 3742 necessitatibus
1651 3679 1933 3762 publicis,
1948 3681 2169 3742 timens
2185 3679 2371 3740 vereri
2402 3677 2536 3758 cepi
2555 3698 2632 3738 ne

572 3769 730 3831 forte
746 3769 969 3831 iterum
992 3769 1268 3830 auferens
1290 3766 1575 3829 animalia
1596 3782 1909 3829 revocaret
1934 3767 1988 3828 se
2008 3781 2256 3849 propter
2277 3764 2634 3848 presentiam

577 3856 842 3943 presidis,
870 3858 1137 3920 discendi
1169 3856 1228 3918 &
1264 3856 1420 3918 dixi:
1457 3883 1482 3914 e
1526 3856 1662 3940 Ego
1693 3855 1840 3934 sum,
1875 3856 2021 3939 quid
2053 3856 2246 3934 iubes,
2284 3853 2410 3916 fili?
2439 3873 2468 3913 ›
2498 3851 2630 3938 Qui

574 3950 756 4011 dixit:
806 3974 830 4006 α
868 3946 1035 4010 Volo
1066 3945 1331 4008 sanitam
1360 3946 1615 4008 adorare
1645 3946 1702 4008 δι
1734 3946 2015 4008 benedici
2039 3945 2112 4006 ab
2142 3965 2227 4007 ea.
2266 3968 2291 3999 2>
2324 3941 2410 4005 Et
2444 3962 2637 4025 quum

575 4035 825 4100 veniffet
852 4036 926 4099 ad
965 4057 1122 4115 eam,
1163 4035 1359 4096 tenuit
1389 4036 1572 4116 pedes
1611 4037 1741 4097 eius
1785 4035 2025 4096 dicens:
2062 4059 2086 4091 ε
2129 4030 2452 4115 Indulgeat
2492 4029 2637 4091 mici

583 4154 607 4184 <c
641 4126 916 4189 sanaitas
953 4141 1071 4187 tua.
1100 4122 1467 4207 Ignorabam
1497 4124 1661 4184 enim
1705 4139 1764 4185 te
1793 4123 1909 4185 esse
1922 4150 1940 4199 3
1978 4123 2118 4184 ideo
2149 4120 2348 4184 distuli
2388 4122 2461 4182 ad
2504 4141 2639 4180 mo·-

584 4243 608 4274 «
646 4229 920 4276 mentum
941 4215 1086 4275 dare
1109 4212 1393 4274 animalia
1414 4211 1473 4274 &
1495 4233 1660 4275 nunc
1693 4213 1934 4274 cucurri
1955 4211 2028 4272 ad
2053 4210 2537 4273 satisfaciendum
2560 4229 2639 4269 ne

587 4331 611 4364 α
647 4302 833 4367 michi
862 4303 1191 4387 indigneris
1220 4301 1278 4364 δι
1311 4300 1486 4364 Deus
1515 4300 1812 4363 irascatur.
1849 4325 1873 4358 ³
1919 4300 2111 4362 Tunc
2152 4298 2354 4359 saneta
2379 4311 2481 4380 ayt
2508 4293 2640 4380 (stc)
