3620 5680
1552 528 1639 609 50
2613 532 2649 613 5

729 740 840 808 (Cf.
863 741 1207 809 PhilostratuS,
1227 744 1285 795 In
1303 708 1620 813 Apollonium,
1642 746 1673 798 1.
1691 748 1786 812 VI,
1806 765 1850 800 c.
1878 765 1962 816 35,
1984 748 2064 801 ed.
2080 749 2454 816 Westermann‚
2481 749 2657 815 Paris„

594 826 744 885 1849,
771 839 823 891 p.
862 840 978 886 140,
1010 822 1058 872 &
1081 821 1272 874 Itinera
1296 825 1495 889 Graeca,
1519 825 1589 894 I.)

342 971 404 1019 c.
451 961 567 1043 50.
594 937 1133 1058 Pomponius
1179 937 1430 1027 Mela.
1462 960 1565 1031 (ij)

674 1100 700 1132 «
729 1074 898 1157 Syria
925 1075 1036 1137 late
1063 1076 1231 1138 litora
1264 1091 1406 1139 tenet
1440 1081 1736 1168 terrasque
1775 1081 1941 1141 etiam
1977 1080 2145 1142 latius
2188 1082 2488 1168 introrsus,
2532 1081 2657 1145 aliis

589 1162 816 1252 aliisque
842 1178 1168 1246 nuncupata
1195 1167 1513 1231 nominibus.
1557 1169 1721 1230 Nam
1752 1170 1820 1229 ἔθ’
1852 1168 2033 1232 Coele
2061 1169 2285 1247 dicitur,
2330 1172 2397 1231 ἔθ’
2442 1169 2656 1233 Meso-

588 1262 875 1344 potamia,
926 1264 993 1323 aa
1045 1261 1446 1344 Damascene,
1496 1268 1564 1328 ες
1620 1266 1970 1344 Adiabene,
2030 1268 2098 1328 ες
2158 1246 2528 1351 Babylonia,
2586 1271 2655 1331 ες

584 1356 817 1438 Iudaea,
869 1361 936 1421 ἔθ’
979 1358 1370 1441 Colophone.
1399 1363 1522 1426 Hic
1551 1362 1865 1426 Palaestine
1901 1367 1996 1444 est,
2025 1387 2139 1445 qua
2182 1366 2367 1447 tangit
2407 1365 2654 1447 Arabas,

583 1471 697 1518 tum
750 1455 1065 1535 Phoenice,
1109 1459 1176 1519 ἔθ’
1220 1461 1316 1519 ubi
1347 1462 1419 1549 βε
1470 1461 1710 1526 Ciliciae
1750 1462 2047 1541 committit,
2097 1462 2454 1524 Antiochia.
2497 1462 2655 1526 Olim

585 1580 652 1618 ac
711 1555 808 1616 diu
858 1569 1066 1636 potens,
1117 1557 1234 1644 sed
1277 1580 1399 1619 cum
1461 1584 1582 1622 eam
1652 1582 1821 1642 regno
1888 1559 2207 1622 Semiramis
2271 1562 2449 1622 tenuit
2504 1562 2657 1645 longe

576 1652 958 1738 potenttffima.
1035 1654 1319 1738 Operibus
1364 1671 1508 1719 certe
1575 1659 1689 1720 eius
1747 1655 1993 1742 instgnia
2054 1658 2234 1723 multa
2295 1659 2452 1745 sunt.
2517 1659 2658 1720 Duo

584 1750 820 1812 maxime
848 1751 1133 1830 excellunt,
1161 1754 1451 1832 constituta
1481 1757 1616 1816 urbs
1643 1754 1806 1818 mirae
1833 1756 2228 1837 magnitudinis
2257 1755 2560 1838 Babylon,
2589 1779 2657 1819 ac

570 1848 733 1934 stccis
760 1848 882 1910 olim
919 1849 1228 1930 regionibus
1274 1850 1616 1934 Euphrates
1656 1855 1723 1914 ἔθ’
1761 1853 1974 1937 Tigris
2023 1854 2256 1940 immiffi.
2301 1855 2560 1916 Ceterum
2596 1853 2654 1913 in

583 1945 897 2009 Palaestina
918 1949 995 2028 est
1025 1938 1212 2030 ingens
1247 1951 1314 2010 ἔθ’
1349 1951 1570 2013 munita
1603 1953 1899 2013 admodum
1933 1950 2116 2016 Gaza
2147 1951 2244 2037 (fic
2269 1951 2466 2038 Persae
2495 1971 2655 2015 cera-

583 2046 732 2108 rium
755 2054 1005 2124 vocanzy,
1028 2047 1096 2106 ἔθ’
1115 2047 1239 2108 inde
1260 2070 1450 2109 nomen
1472 2051 1565 2133 est,
1587 2051 1736 2130 quod
1750 2073 1874 2110 cum
1897 2050 2191 2139 Cambyses
2213 2050 2391 2113 armis
2413 2046 2653 2130 AEgyp-

583 2157 713 2203 tum
732 2158 959 2227 peteret,
980 2147 1086 2209 huc
1117 2148 1242 2209 belli
1269 2149 1337 2209 ἔθ’
1360 2163 1477 2232 opes
1504 2151 1572 2210 ἔθ’
1593 2148 1888 2230 pecuniam
1909 2147 2202 2211 intulerat.
2223 2146 2327 2231 Est
2342 2168 2447 2211 non
2470 2147 2652 2207 minor

581 2239 866 2304 Ascalon.
906 2244 1010 2327 Est
1040 2242 1192 2326 Iope
1228 2260 1354 2307 ante
1384 2247 1665 2308 diluvium
1691 2246 1779 2325 (ut
1778 2244 2017 2327 firunt)
2042 2245 2278 2323 condita,
2310 2245 2406 2306 ubi
2434 2242 2652 2325 Cephea

581 2339 840 2423 regnaffl
869 2364 925 2403 eo
947 2340 1113 2427 stgno
1140 2344 1338 2405 accolae
1375 2341 1707 2428 adfirmant,
1747 2343 1895 2424 quod
1929 2342 2147 2403 titulum
2187 2342 2298 2403 eius
2315 2340 2656 2428 fratrisque

572 2434 789 2543 'Phinei
835 2452 1048 2500 veteres
1103 2440 1362 2519 quaedam
1415 2462 1542 2501 arae
1589 2462 1712 2500 cum
1772 2439 2031 2519 religione
2068 2439 2329 2519 plurima
2378 2438 2615 2500 retinent
2637 2461 2658 2499 .·

583 2533 712 2613 quin
736 2537 900 2596 etiam
922 2537 1008 2597 rei
1026 2537 1318 2598 celebratae
1338 2537 1680 2598 carminibus
1702 2559 1768 2599 ac
1779 2536 2029 2619 fabulis,
2041 2535 2419 2622 servataeque
2446 2559 2484 2597 a
2506 2535 2656 2597 Per-

566 2630 666 2717 seo
694 2633 1061 2696 Andromedae
1089 2635 1310 2697 clarum
1338 2635 1644 2718 vestigium,
1686 2634 1933 2698 marinae
1976 2633 2177 2696 belluae
2216 2633 2340 2717 ⁰.ff‘¹
2378 2632 2654 2695 immania

583 2730 866 2813 ssentant.

666 2854 690 2887 α
725 2827 1057 2893 Phoenicen
1071 2828 1454 2912 inlustravere
1471 2827 1780 2908 Phoenices,
1779 2826 1992 2914 sollers
2009 2828 2283 2891 hominum
2291 2828 2566 2909 genus,&
2579 2826 2661 2890 ad

582 2927 713 2990 belli
716 2927 984 3013 pacisque
1004 2929 1199 2989 munia
1219 2928 1497 2990 eximium.
1518 2927 1750 2990 Literas
1770 2930 1839 2991 ἔθ’
1858 2928 2160 2991 literarum
2181 2941 2377 3009 operas
2404 2925 2657 3012 aliasque

580 3027 744 3087 etiam
787 3040 957 3102 artes,
997 3027 1191 3087 maria
1233 3027 1482 3088 navibus
1525 3026 1712 3103 adire,
1750 3024 1923 3108 claffi
1970 3024 2283 3108 confligere,
2327 3022 2658 3106 imperitare

569 3123 842 3205 gentibus,
864 3145 1098 3204 regnum
1115 3123 1487 3205 praeliumque
1503 3124 1799 3184 commenti.
1824 3122 1897 3184 In
1919 3145 1985 3184 ea
2005 3124 2079 3206 est
2094 3120 2330 3204 TerS,
2352 3120 2659 3202 aliquando

576 3220 788 3310 insula,
815 3243 960 3281 nunc
989 3221 1210 3282 adnexa
1250 3222 1420 3283 terris
1458 3220 1653 3303 deficit,
1696 3221 1844 3301 quod
1881 3221 1954 3281 ab
1995 3220 2339 3302 inpugnante
2381 3220 2658 3299 quondam

577 3316 897 3380 Alexandro
938 3318 1092 3382 iabta
1129 3334 1298 3403 opera
1336 3320 1454 3382 vici
1498 3332 1694 3381 tenent.
1761 3318 2018 3380 Ulterior
2061 3318 2130 3377 ἔθ’
2179 3315 2360 3378 adhuc
2402 3318 2659 3401 opulenta

578 3415 786 3494 Sidon,
799 3417 1346 3499 antequamaPerfis
1356 3432 1654 3499 caperetur
1676 3416 2109 3478 maritimarum
2127 3406 2354 3476 urbium
2380 3415 2651 3481 maxima.

576 3512 660 3574 Ab
689 3538 755 3576 ea
785 3515 870 3575 ad
882 3516 1344 3597 promunturium
1367 3512 1775 3595 Euprosopon
1800 3514 1908 3574 duo
1918 3513 2068 3600 sunt
2087 3512 2311 3596 oppida,
2333 3511 2566 3595 Byblos
2589 3518 2658 3578 ἔθ’

578 3610 819 3694 Botrys.
852 3612 1029 3674 Ultra
1049 3612 1167 3673 tria
1169 3612 1444 3694 fuerunt,
1452 3610 1695 3693 stngulis
1711 3610 1857 3672 inter
1868 3609 1940 3694 se
1960 3609 2162 3690 stadiis
2191 3608 2462 3693 distantia
2476 3633 2496 3670 .·
2515 3609 2657 3672 locus

575 3732 642 3770 ex
665 3732 895 3771 numero
921 3707 1204 3791 Tripolis
1229 3708 1452 3770 dicitur.
1491 3706 1637 3770 Tum
1686 3708 1920 3789 Simyra
1948 3706 2256 3788 castellum,
2288 3708 2357 3767 ἔθ’
2387 3707 2523 3768 urbs
2551 3729 2654 3767 non

576 3807 813 3895 obscura
845 3806 1185 3869 Marathos.
1231 3805 1369 3867 Inde
1419 3806 1534 3867 iam
1581 3829 1685 3866 non
1735 3805 1958 3887 obliqua
1994 3805 2217 3887 pelago,
2256 3803 2360 3886 sed
2394 3804 2654 3890 adversa

576 3906 838 3967 adiacens
890 3904 1056 3989 Asta,
1094 3905 1377 3986 grandem
1413 3902 1607 3989 finum
1659 3904 1856 3987 irfiexo
1927 3911 2122 3965 trab'tu
2195 3901 2373 3964 litoris
2437 3902 2653 3984 accipit.

576 4003 784 4086 Populi
809 4003 942 4065 dites
967 4002 1384 4087 circumfident;
1397 4001 1542 4087 situs
1570 4002 1739 4087 efficit
1757 4026 1776 4063 .·
1806 4001 1944 4081 quia
1985 4000 2137 4081 regio
2167 3999 2413 4081 fertilis,
2442 4002 2658 4062 crebris

575 4102 645 4162 ἔθ’
693 4101 1117 4183 navigabilibus
1169 4100 1350 4161 alveis
1375 4099 1687 4184 fluminum
1722 4097 1962 4180 pervia,
2010 4094 2276 4182 diversas
2318 4111 2438 4180 opes
2478 4097 2657 4158 maris

574 4214 739 4280 atque
767 4212 1064 4261 terrarum
1075 4198 1256 4281 facili
1281 4197 1595 4258 commercio
1616 4209 1908 4280 permutat
1935 4219 2002 4257 ac
2036 4195 2240 4282 miscet.
2271 4193 2346 4255 In
2369 4217 2425 4255 eo
2456 4194 2657 4276 prima

567 4298 646 4382 est
672 4298 890 4381 reliqua
920 4312 1066 4382 pars
1108 4294 1311 4381 Syriae,
1339 4295 1430 4358 cui
1474 4294 1829 4360 Antiochiae
1857 4317 2142 4378 cognomen
2185 4292 2443 4373 additur,
2482 4294 2552 4354 ἔθ’
2595 4292 2656 4354 in
