3620 5680
1130 1204 1743 1297 SAECULUM
1810 1208 1954 1298 IV.

67 1710 124 1754 c.
163 1685 650 1781 303-304'**S.
690 1689 1169 1776 ANTONINUS,
1220 1711 1462 1778 martyr,
1498 1685 1559 1755 6-
1598 1691 1977 1758 IoHANNEs
2014 1692 2343 1783 presbyter,
2404 1695 2574 1761 ambo

518 1797 882 1865 Placentini.
921 1812 1044 1881 (24)

599 1957 624 1990 ι
660 1930 851 2014 Igitur
893 1932 1057 1993 hunc
1089 1931 1499 2010 Antoninum,
1543 1932 1853 1994 martirem
1883 1932 2131 2012 Christi,
2175 1933 2377 1996 ferunt
2418 1956 2575 2018 quo-

516 2023 656 2084 dam
681 2037 960 2104 tempore
987 2022 1333 2084 Placentinae
1359 2021 1520 2085 urbis
1542 2019 1764 2084 finibus
1787 2018 2105 2104 egressum,
2128 2037 2309 2105 atque
2341 2024 2575 2089 Orien-

517 2111 667 2175 tales
705 2109 1071 2193 pertranfiss'e
1113 2112 1478 2193 provincias,
1524 2111 1839 2194 multaque
1878 2113 1938 2172 in
1983 2110 2204 2174 eisdem
2248 2114 2579 2193 provinciis

518 2222 660 2263 eum
690 2200 987 2262 miracula
1013 2197 1227 2262 vidiss‘e·
1251 2199 1540 2281 scriptum
1571 2201 1926 2282 reperimus.
1962 2223 1987 2256 ›

661 2308 1045 2380 [Paffionarium,
1073 2310 1184 2364 saec.
1213 2311 1293 2361 XI
1317 2309 1484 2380 script.
1518 2309 1612 2376 (M
1618 2308 1784 2374 ediol.,
1814 2307 1944 2361 Bibl.
1963 2309 2229 2378 Ambros,
2262 2313 2328 2376 E,
2352 2314 2476 2378 κτλ]

605 2448 629 2479 α
677 2422 930 2486 Sanetus
980 2423 1356 2501 Antoninus,
1403 2443 1583 2484 verus
1627 2420 1848 2485 Christi
1903 2421 2227 2503 alumpnus
2277 2445 2311 2484 a
2354 2423 2582 2506 Spiritu

521 2511 743 2574 SanAEto
774 2512 1063 2591 imbutuS,
1107 2511 1366 2594 qualiter
1413 2512 1471 2572 in
1518 2512 1705 2574 domo
1748 2509 1873 2573 Dei
1919 2510 2178 2573 debebat
2219 2515 2583 2594 conversari,

519 2601 877 2664 coadunatis
924 2601 1206 2664 fratribus
1249 2600 1308 2663 ὅτ
1338 2600 1642 2682 discipulis
1672 2600 1882 2662 multis
1927 2597 2187 2682 egressus
2216 2600 2301 2662 est
2343 2601 2584 2665 Placen-

521 2689 679 2768 tiam,
725 2689 1063 2754 defiderans
1121 2690 1330 2752 videre
1381 2688 1700 2766 mirabilia,
1742 2711 1879 2771 quae
1929 2703 2215 2770 operatus
2261 2689 2346 2751 est
2389 2689 2584 2769 Deus,

521 2778 712 2840 homo
754 2778 948 2842 faetus
989 2800 1101 2861 pro
1145 2777 1344 2840 nostra
1375 2777 1559 2840 salute
1589 2777 1649 2839 in
1679 2774 2030 2838 Iudaeorum
2063 2776 2270 2859 patria.
2321 2777 2586 2864 Pergens

523 2868 728 2952 itaque
751 2867 1014 2958 securus,
1042 2869 1186 2951 quia
1212 2867 1473 2930 vallabat
1494 2888 1637 2929 eum
1667 2888 1702 2928 a
1731 2865 1955 2929 dextris
1976 2865 2035 2928 &
2058 2888 2091 2927 a
2118 2866 2359 2932 finistris
2382 2872 2585 2932 muni-

525 2956 775 3019 tissimus
804 2978 1016 3020 murus
1041 3003 1056 3019 .
1087 3003 1101 3018 .
1133 3002 1146 3017 .
1178 3003 1191 3017 .

608 3070 634 3103 ι
671 3044 917 3107 Taliter
945 3044 1007 3107 &
1033 3045 1358 3108 iocundius
1389 3065 1575 3128 quam
1602 3044 1857 3126 cogitari
1886 3042 1984 3105 vel
2013 3043 2118 3105 fari
2152 3043 2326 3125 possit
2353 3046 2587 3126 vivens,

524 3134 798 3217 ignotam
844 3133 1313 3216 pertranseundo
1363 3134 1641 3216 patriam,
1697 3131 1839 3194 exul
1898 3132 2065 3194 venit
2110 3130 2585 3219 Hierosolymam.

529 3219 750 3306 Ibique
781 3244 888 3304 per
912 3222 1116 3304 plures
1145 3224 1371 3306 degens
1395 3223 1544 3301 dies,
1574 3220 1711 3283 loca
1733 3219 2078 3283 sanctorum
2105 3222 2587 3308 circumquaque

529 3310 913 3392 perlustrans,
944 3312 1281 3394 promeruit
1303 3310 1589 3394 consequi
1621 3309 1891 3372 divinam
1914 3309 2164 3393 gratiam
2182 3356 2196 3371 .
2215 3356 2228 3371 .
2251 3356 2265 3372 .
2294 3308 2587 3392 Inspeaefi'tis

532 3412 841 3459 tantorum
872 3398 1153 3461 locorum
1186 3398 1555 3461 inhiantibus
1599 3397 1774 3480 fignis
1820 3444 1835 3459 .
1865 3443 1880 3458 .
1912 3442 1926 3458 .
1974 3396 2206 3460 Volens
2245 3413 2450 3459 autem
2479 3399 2588 3460 ad-

533 3486 654 3548 huc
685 3486 902 3568 procul
934 3488 1037 3566 ire,
1081 3486 1355 3551 collectis
1401 3508 1584 3569 quam
1628 3486 1909 3569 plurimis
1947 3484 2267 3564 sodalibuS,
2310 3488 2589 3567 pervenit

531 3575 604 3636 ad
648 3592 925 3639 montem
965 3576 1161 3660 Synay.
1209 3574 1376 3639 Inter
1404 3574 1638 3659 reliqua
1666 3596 1815 3636 vero
1845 3597 1982 3658 quae
2012 3573 2285 3656 inspexit,
2314 3574 2592 3637 mirabile

532 3663 728 3726 dictu!
754 3679 883 3726 erat
906 3664 986 3726 ibi
1013 3686 1358 3727 marmorea
1378 3664 1569 3727 statua
1583 3663 1724 3726 nive
1747 3662 2085 3739 candidior,
2109 3663 2366 3744 effigiem
2386 3663 2590 3724 homi-

532 3752 626 3815 nis
654 3753 1017 3834 exprimenS,
1057 3755 1152 3816 cui
1186 3755 1332 3817 dum
1366 3754 1621 3837 profano
1652 3754 1771 3814 ritu
1803 3749 2090 3813 sacrificia
2123 3750 2594 3832 spurcentiffima

535 3838 594 3901 &
622 3840 1095 3902 abhominabilia
1135 3841 1388 3903 ministri
1418 3842 1830 3924 nequitiarum
1860 3839 2169 3916 offerrent,
2211 3854 2364 3901 tetra
2394 3854 2460 3901 ut
2490 3841 2593 3921 pix

533 3929 929 4007 efficiebatur,
962 3944 1029 3991 ut
1046 3945 1250 3992 autem
1266 3928 1587 4008 cessabant,
1618 3929 1679 3989 in
1705 3929 2018 4009 proprium
2044 3926 2278 3989 redibat
2304 3927 2593 3990 colorem.

537 4015 748 4079 Credo
778 4038 903 4080 non
934 4017 994 4079 id
1026 4014 1191 4099 poffe
1217 4016 1349 4080 fieri
1381 4017 1600 4101 absque
1629 4015 1925 4100 presentia
1955 4014 2077 4078 Dei
2110 4060 2308 4078 .....

625 4130 648 4162 ‹
678 4104 896 4168 Flante
926 4105 1168 4189 placido
1197 4105 1421 4185 austro,
1454 4107 1784 4189 fugatoque
1817 4104 2124 4187 aquilone,
2161 4126 2281 4166 una
2307 4126 2450 4166 cum
2481 4105 2595 4167 suis

539 4193 743 4257 noster
789 4194 1085 4257 cumcivis
1126 4194 1362 4257 sanetus
1402 4195 1461 4258 &
1490 4216 1526 4256 a
1568 4193 1711 4257 Deo
1743 4214 1919 4256 carus
1948 4194 2303 4255 Antoninus
2331 4192 2598 4256 reversus

547 4282 632 4345 est
657 4282 730 4345 ad
761 4283 1071 4346 civitatem
1101 4283 1472 4347 Placenn'am.
1508 4307 1534 4339 ›

819 4389 864 4445 P
2330 4409 2356 4463 5
