<?xml version="1.0" encoding="UTF-8"?>
<!DOCTYPE html PUBLIC "-//W3C//DTD XHTML 1.0 Transitional//EN"
    "http://www.w3.org/TR/xhtml1/DTD/xhtml1-transitional.dtd">
<html xmlns="http://www.w3.org/1999/xhtml" xml:lang="en" lang="en">
 <head>
  <title>
</title>
<meta http-equiv="Content-Type" content="text/html;charset=utf-8" />
  <meta name='ocr-system' content='tesseract 3.04.00' />
  <meta name='ocr-capabilities' content='ocr_page ocr_carea ocr_par ocr_line ocrx_word'/>
</head>
<body>
  <div class='ocr_page' id='page_1' title='image "./itinerahierosol00hiergoog_0256.png"; bbox 0 0 3620 5680; ppageno 0'>
   <div class='ocr_carea' id='block_1_1' title="bbox 1026 511 2176 613">
    <p class='ocr_par' dir='ltr' id='par_1_1' title="bbox 1026 511 2176 613">
     <span class='ocr_line' id='line_1_1' title="bbox 1026 511 2176 613; baseline 0.004 -28"><span class='ocrx_word' id='word_1_1' title='bbox 1026 511 1173 611; x_wconf 78' lang='lat'>248</span> <span class='ocrx_word' id='word_1_2' title='bbox 1967 513 2176 613; x_wconf 80' lang='lat'>(586)</span> 
     </span>
    </p>
   </div>
   <div class='ocr_carea' id='block_1_2' title="bbox 1029 749 3106 921">
    <p class='ocr_par' dir='ltr' id='par_1_2' title="bbox 1029 749 3106 921">
     <span class='ocr_line' id='line_1_2' title="bbox 1029 749 3106 832; baseline 0.001 -20"><span class='ocrx_word' id='word_1_3' title='bbox 1029 749 1233 813; x_wconf 89' lang='lat' dir='ltr'>noster</span> <span class='ocrx_word' id='word_1_4' title='bbox 1274 749 1480 812; x_wconf 92' lang='lat' dir='ltr'>retulit</span> <span class='ocrx_word' id='word_1_5' title='bbox 1518 752 1685 832; x_wconf 90' lang='lat' dir='ltr'>quod</span> <span class='ocrx_word' id='word_1_6' title='bbox 1729 771 1874 812; x_wconf 92' lang='lat' dir='ltr'>cum</span> <span class='ocrx_word' id='word_1_7' title='bbox 1916 750 2190 832; x_wconf 91' lang='lat' dir='ltr'>quinque</span> <span class='ocrx_word' id='word_1_8' title='bbox 2234 749 2379 812; x_wconf 91' lang='lat' dir='ltr'>viris</span> <span class='ocrx_word' id='word_1_9' title='bbox 2430 749 2677 832; x_wconf 87' lang='lat' dir='ltr'><strong>aspexit,</strong></span> <span class='ocrx_word' id='word_1_10' title='bbox 2718 749 2814 812; x_wconf 97' lang='lat' dir='ltr'>sed</span> <span class='ocrx_word' id='word_1_11' title='bbox 2866 751 3106 815; x_wconf 91' lang='lat' dir='ltr'>duobus</span> 
     </span>
     <span class='ocr_line' id='line_1_3' title="bbox 1033 841 1658 921; baseline -0.002 -20"><span class='ocrx_word' id='word_1_12' title='bbox 1033 854 1271 902; x_wconf 89' lang='lat' dir='ltr'>tantum</span> <span class='ocrx_word' id='word_1_13' title='bbox 1300 841 1597 921; x_wconf 89' lang='lat' dir='ltr'>apparuit.</span> <span class='ocrx_word' id='word_1_14' title='bbox 1635 864 1658 894; x_wconf 77' lang='lat'>1&gt;</span> 
     </span>
    </p>
   </div>
   <div class='ocr_carea' id='block_1_3' title="bbox 1032 952 3108 1104">
    <p class='ocr_par' dir='ltr' id='par_1_3' title="bbox 1032 952 3108 1104">
     <span class='ocr_line' id='line_1_4' title="bbox 1141 952 3108 1102; baseline 0 -96"><span class='ocrx_word' id='word_1_15' title='bbox 1141 955 1414 1102; x_wconf 79' lang='lat' dir='ltr'>)[Gregor.</span> <span class='ocrx_word' id='word_1_16' title='bbox 1443 952 1772 1019; x_wconf 78' lang='lat' dir='ltr'>Turonensis,</span> <span class='ocrx_word' id='word_1_17' title='bbox 1796 956 1875 1007; x_wconf 91' lang='lat' dir='ltr'>De</span> <span class='ocrx_word' id='word_1_18' title='bbox 1890 953 2062 1021; x_wconf 86' lang='lat' dir='ltr'>gloria</span> <span class='ocrx_word' id='word_1_19' title='bbox 2093 964 2385 1022; x_wconf 59' lang='lat' dir='ltr'>marm-um,</span> <span class='ocrx_word' id='word_1_20' title='bbox 2415 952 2446 1006; x_wconf 91' lang='lat' dir='ltr'>l.</span> <span class='ocrx_word' id='word_1_21' title='bbox 2477 955 2518 1019; x_wconf 90' lang='lat'>1,</span> <span class='ocrx_word' id='word_1_22' title='bbox 2536 971 2583 1006; x_wconf 91' lang='lat' dir='ltr'>c.</span> <span class='ocrx_word' id='word_1_23' title='bbox 2620 973 2642 1005; x_wconf 93' lang='lat'>1</span> <span class='ocrx_word' id='word_1_24' title='bbox 2675 954 2776 1019; x_wconf 86' lang='lat' dir='ltr'>(ed.</span> <span class='ocrx_word' id='word_1_25' title='bbox 2817 954 3108 1020; x_wconf 87' lang='lat' dir='ltr'>Bordier,1,</span> 
     </span>
     <span class='ocr_line' id='line_1_5' title="bbox 1032 1037 1208 1104; baseline 0 -17"><span class='ocrx_word' id='word_1_26' title='bbox 1032 1053 1079 1104; x_wconf 86' lang='lat' dir='ltr'>p.</span> <span class='ocrx_word' id='word_1_27' title='bbox 1106 1040 1133 1087; x_wconf 90' lang='lat'><em>8</em></span> <span class='ocrx_word' id='word_1_28' title='bbox 1173 1037 1208 1100; x_wconf 88' lang='lat'>.]</span> 
     </span>
    </p>
   </div>
   <div class='ocr_carea' id='block_1_4' title="bbox 580 1172 3108 1368">
    <p class='ocr_par' dir='ltr' id='par_1_4' title="bbox 580 1172 3108 1368">
     <span class='ocr_line' id='line_1_6' title="bbox 580 1172 3108 1276; baseline 0.001 -30"><span class='ocrx_word' id='word_1_29' title='bbox 580 1198 713 1247; x_wconf 91' lang='lat' dir='ltr'>ant.</span> <span class='ocrx_word' id='word_1_30' title='bbox 732 1199 840 1246; x_wconf 91' lang='lat' dir='ltr'>an.</span> <span class='ocrx_word' id='word_1_31' title='bbox 868 1172 1001 1273; x_wconf 78' lang='lat'>586</span> <span class='ocrx_word' id='word_1_32' title='bbox 1034 1184 1436 1268; x_wconf 81' lang='lat' dir='ltr'>IOHANNES‚</span> <span class='ocrx_word' id='word_1_33' title='bbox 1473 1182 1765 1273; x_wconf 85' lang='lat' dir='ltr'>leprosus,</span> <span class='ocrx_word' id='word_1_34' title='bbox 1795 1207 1826 1248; x_wconf 89' lang='lat' dir='ltr'>e</span> <span class='ocrx_word' id='word_1_35' title='bbox 1864 1181 2083 1248; x_wconf 85' lang='lat' dir='ltr'>Gallia</span> <span class='ocrx_word' id='word_1_36' title='bbox 2118 1182 2427 1266; x_wconf 83' lang='lat' dir='ltr'>oriundus,</span> <span class='ocrx_word' id='word_1_37' title='bbox 2458 1179 2517 1247; x_wconf 68' lang='grc' dir='ltr'>ὃ·</span> <span class='ocrx_word' id='word_1_38' title='bbox 2546 1181 2711 1248; x_wconf 84' lang='grc' dir='ltr'><strong>ΑΙ,ΙΙ</strong></span> <span class='ocrx_word' id='word_1_39' title='bbox 2740 1181 2950 1276; x_wconf 82' lang='lat' dir='ltr'><em>leprosi</em></span> <span class='ocrx_word' id='word_1_40' title='bbox 2964 1183 3108 1272; x_wconf 82' lang='lat' dir='ltr'>plu-</span> 
     </span>
     <span class='ocr_line' id='line_1_7' title="bbox 1030 1293 1386 1368; baseline -0.014 -11"><span class='ocrx_word' id='word_1_41' title='bbox 1030 1293 1194 1357; x_wconf 85' lang='lat' dir='ltr'><em>rimi.</em></span> <span class='ocrx_word' id='word_1_42' title='bbox 1235 1299 1386 1368; x_wconf 89' lang='lat'>(405)</span> 
     </span>
    </p>
   </div>
   <div class='ocr_carea' id='block_1_5' title="bbox 1034 1411 3110 2208">
    <p class='ocr_par' dir='ltr' id='par_1_5' title="bbox 1034 1411 3110 2208">
     <span class='ocr_line' id='line_1_8' title="bbox 1117 1411 3107 1495; baseline 0.003 -23"><span class='ocrx_word' id='word_1_43' title='bbox 1117 1442 1140 1472; x_wconf 87' lang='lat'>‹</span> <span class='ocrx_word' id='word_1_44' title='bbox 1178 1415 1347 1477; x_wconf 94' lang='lat' dir='ltr'>Nam</span> <span class='ocrx_word' id='word_1_45' title='bbox 1379 1414 1501 1476; x_wconf 91' lang='lat' dir='ltr'>vidi</span> <span class='ocrx_word' id='word_1_46' title='bbox 1541 1430 1680 1477; x_wconf 91' lang='lat' dir='ltr'>ante</span> <span class='ocrx_word' id='word_1_47' title='bbox 1709 1414 1831 1477; x_wconf 91' lang='lat' dir='ltr'>hoc</span> <span class='ocrx_word' id='word_1_48' title='bbox 1862 1429 2103 1495; x_wconf 88' lang='lat' dir='ltr'>tempus</span> <span class='ocrx_word' id='word_1_49' title='bbox 2134 1413 2473 1493; x_wconf 90' lang='lat' dir='ltr'>hominem,</span> <span class='ocrx_word' id='word_1_50' title='bbox 2503 1411 2801 1475; x_wconf 89' lang='lat' dir='ltr'>Ioannem</span> <span class='ocrx_word' id='word_1_51' title='bbox 2832 1415 3107 1495; x_wconf 89' lang='lat' dir='ltr'>nomine,</span> 
     </span>
     <span class='ocr_line' id='line_1_9' title="bbox 1034 1501 3108 1586; baseline 0 -23"><span class='ocrx_word' id='word_1_52' title='bbox 1034 1503 1139 1585; x_wconf 89' lang='lat' dir='ltr'>qui</span> <span class='ocrx_word' id='word_1_53' title='bbox 1169 1524 1203 1563; x_wconf 89' lang='lat' dir='ltr'>a</span> <span class='ocrx_word' id='word_1_54' title='bbox 1238 1502 1450 1566; x_wconf 88' lang='lat' dir='ltr'>Galliis</span> <span class='ocrx_word' id='word_1_55' title='bbox 1479 1501 1749 1585; x_wconf 93' lang='lat' dir='ltr'>leprosus</span> <span class='ocrx_word' id='word_1_56' title='bbox 1788 1503 2036 1582; x_wconf 89' lang='lat' dir='ltr'>abierat,</span> <span class='ocrx_word' id='word_1_57' title='bbox 2066 1502 2125 1564; x_wconf 85' lang='lat'>&amp;</span> <span class='ocrx_word' id='word_1_58' title='bbox 2172 1503 2230 1564; x_wconf 91' lang='lat' dir='ltr'>in</span> <span class='ocrx_word' id='word_1_59' title='bbox 2262 1505 2391 1585; x_wconf 91' lang='lat' dir='ltr'>ipso</span> <span class='ocrx_word' id='word_1_60' title='bbox 2429 1504 2571 1565; x_wconf 87' lang='lat' dir='ltr'>loco</span> <span class='ocrx_word' id='word_1_61' title='bbox 2602 1526 2726 1586; x_wconf 93' lang='lat' dir='ltr'>quo</span> <span class='ocrx_word' id='word_1_62' title='bbox 2760 1502 3108 1564; x_wconf 89' lang='lat' dir='ltr'>Dominum</span> 
     </span>
     <span class='ocr_line' id='line_1_10' title="bbox 1034 1590 3110 1676; baseline -0.001 -24"><span class='ocrx_word' id='word_1_63' title='bbox 1034 1590 1298 1654; x_wconf 87' lang='lat' dir='ltr'>diximus</span> <span class='ocrx_word' id='word_1_64' title='bbox 1328 1593 1708 1674; x_wconf 89' lang='lat' dir='ltr'>baptizatum</span> <span class='ocrx_word' id='word_1_65' title='bbox 1748 1594 1948 1654; x_wconf 89' lang='lat' dir='ltr'>aiebat</span> <span class='ocrx_word' id='word_1_66' title='bbox 1979 1591 2034 1654; x_wconf 90' lang='lat' dir='ltr'>se</span> <span class='ocrx_word' id='word_1_67' title='bbox 2080 1613 2185 1675; x_wconf 91' lang='lat' dir='ltr'>per</span> <span class='ocrx_word' id='word_1_68' title='bbox 2226 1614 2454 1654; x_wconf 88' lang='lat' dir='ltr'>annum</span> <span class='ocrx_word' id='word_1_69' title='bbox 2486 1595 2793 1676; x_wconf 86' lang='lat' dir='ltr'>integrum</span> <span class='ocrx_word' id='word_1_70' title='bbox 2824 1613 3110 1653; x_wconf 89' lang='lat' dir='ltr'>commo-</span> 
     </span>
     <span class='ocr_line' id='line_1_11' title="bbox 1034 1679 3108 1767; baseline 0 -26"><span class='ocrx_word' id='word_1_71' title='bbox 1034 1694 1230 1741; x_wconf 90' lang='lat' dir='ltr'>ratum</span> <span class='ocrx_word' id='word_1_72' title='bbox 1274 1679 1462 1742; x_wconf 83' lang='lat' dir='ltr'>fuiffe.</span> <span class='ocrx_word' id='word_1_73' title='bbox 1504 1680 1639 1767; x_wconf 77' lang='lat' dir='ltr'>Qui</span> <span class='ocrx_word' id='word_1_74' title='bbox 1684 1681 1904 1743; x_wconf 86' lang='lat' dir='ltr'>assidue</span> <span class='ocrx_word' id='word_1_75' title='bbox 1933 1681 2219 1744; x_wconf 88' lang='lat' dir='ltr'>abluebat</span> <span class='ocrx_word' id='word_1_76' title='bbox 2260 1681 2405 1742; x_wconf 89' lang='lat' dir='ltr'>sein</span> <span class='ocrx_word' id='word_1_77' title='bbox 2447 1703 2655 1757; x_wconf 89' lang='lat' dir='ltr'>amne;</span> <span class='ocrx_word' id='word_1_78' title='bbox 2698 1680 2795 1742; x_wconf 89' lang='lat' dir='ltr'>sed</span> <span class='ocrx_word' id='word_1_79' title='bbox 2836 1680 3108 1742; x_wconf 90' lang='lat' dir='ltr'>redditus</span> 
     </span>
     <span class='ocr_line' id='line_1_12' title="bbox 1037 1767 3109 1850; baseline 0 -21"><span class='ocrx_word' id='word_1_80' title='bbox 1037 1768 1297 1850; x_wconf 85' lang='lat' dir='ltr'>pristinae</span> <span class='ocrx_word' id='word_1_81' title='bbox 1339 1770 1769 1849; x_wconf 88' lang='lat' dir='ltr'>incolumitati,</span> <span class='ocrx_word' id='word_1_82' title='bbox 1812 1771 2139 1833; x_wconf 89' lang='lat' dir='ltr'>reformata</span> <span class='ocrx_word' id='word_1_83' title='bbox 2186 1771 2245 1832; x_wconf 93' lang='lat' dir='ltr'>in</span> <span class='ocrx_word' id='word_1_84' title='bbox 2290 1769 2508 1833; x_wconf 91' lang='lat' dir='ltr'>melius</span> <span class='ocrx_word' id='word_1_85' title='bbox 2539 1786 2699 1848; x_wconf 91' lang='lat' dir='ltr'>cute,</span> <span class='ocrx_word' id='word_1_86' title='bbox 2743 1771 2976 1831; x_wconf 88' lang='lat' dir='ltr'>sanatus</span> <span class='ocrx_word' id='word_1_87' title='bbox 3006 1767 3109 1830; x_wconf 89' lang='lat' dir='ltr'>est.</span> 
     </span>
     <span class='ocr_line' id='line_1_13' title="bbox 1036 1857 3109 1948; baseline -0.001 -29"><span class='ocrx_word' id='word_1_88' title='bbox 1036 1858 1158 1919; x_wconf 88' lang='lat' dir='ltr'>Hie</span> <span class='ocrx_word' id='word_1_89' title='bbox 1193 1857 1479 1941; x_wconf 88' lang='lat' dir='ltr'>reliquias</span> <span class='ocrx_word' id='word_1_90' title='bbox 1523 1860 1714 1921; x_wconf 85' lang='lat' dir='ltr'>beatae</span> <span class='ocrx_word' id='word_1_91' title='bbox 1747 1859 1968 1921; x_wconf 85' lang='lat' dir='ltr'>Mariae</span> <span class='ocrx_word' id='word_1_92' title='bbox 1999 1860 2073 1920; x_wconf 89' lang='lat' dir='ltr'>ab</span> <span class='ocrx_word' id='word_1_93' title='bbox 2103 1859 2509 1948; x_wconf 83' lang='lat' dir='ltr'>Hierosolymis</span> <span class='ocrx_word' id='word_1_94' title='bbox 2548 1859 2875 1940; x_wconf 87' lang='lat' dir='ltr'>accipiens,</span> <span class='ocrx_word' id='word_1_95' title='bbox 2906 1878 3109 1919; x_wconf 91' lang='lat' dir='ltr'>rever-</span> 
     </span>
     <span class='ocr_line' id='line_1_14' title="bbox 1036 1946 3107 2030; baseline -0.001 -21"><span class='ocrx_word' id='word_1_96' title='bbox 1036 1947 1275 2009; x_wconf 89' lang='lat' dir='ltr'>tebatur</span> <span class='ocrx_word' id='word_1_97' title='bbox 1332 1949 1391 2009; x_wconf 93' lang='lat' dir='ltr'>in</span> <span class='ocrx_word' id='word_1_98' title='bbox 1451 1949 1725 2029; x_wconf 89' lang='lat' dir='ltr'>patriam,</span> <span class='ocrx_word' id='word_1_99' title='bbox 1774 1948 1872 2010; x_wconf 92' lang='lat' dir='ltr'>sed</span> <span class='ocrx_word' id='word_1_100' title='bbox 1940 1949 2107 2030; x_wconf 91' lang='lat' dir='ltr'>prius</span> <span class='ocrx_word' id='word_1_101' title='bbox 2164 1949 2407 2011; x_wconf 80' lang='lat' dir='ltr'><em>Romam</em></span> <span class='ocrx_word' id='word_1_102' title='bbox 2471 1948 2637 2010; x_wconf 89' lang='lat' dir='ltr'>adire</span> <span class='ocrx_word' id='word_1_103' title='bbox 2707 1946 2992 2030; x_wconf 89' lang='lat' dir='ltr'>disposuit</span> <span class='ocrx_word' id='word_1_104' title='bbox 2996 1993 3107 2009; x_wconf 90' lang='grc'><strong>......</strong></span> 
     </span>
     <span class='ocr_line' id='line_1_15' title="bbox 1036 2034 3109 2120; baseline 0 -24"><span class='ocrx_word' id='word_1_105' title='bbox 1036 2034 1282 2098; x_wconf 89' lang='lat' dir='ltr'>Multos</span> <span class='ocrx_word' id='word_1_106' title='bbox 1311 2038 1494 2098; x_wconf 89' lang='lat' dir='ltr'>etiam</span> <span class='ocrx_word' id='word_1_107' title='bbox 1525 2037 1789 2099; x_wconf 90' lang='lat' dir='ltr'>vidimus</span> <span class='ocrx_word' id='word_1_108' title='bbox 1822 2037 1926 2119; x_wconf 93' lang='lat' dir='ltr'>qui</span> <span class='ocrx_word' id='word_1_109' title='bbox 1952 2036 2049 2097; x_wconf 93' lang='lat' dir='ltr'>vel</span> <span class='ocrx_word' id='word_1_110' title='bbox 2080 2037 2140 2098; x_wconf 88' lang='lat' dir='ltr'>in</span> <span class='ocrx_word' id='word_1_111' title='bbox 2167 2037 2413 2099; x_wconf 84' lang='lat' dir='ltr'><em>Iordane</em></span> <span class='ocrx_word' id='word_1_112' title='bbox 2443 2036 2538 2098; x_wconf 88' lang='lat' dir='ltr'>vel</span> <span class='ocrx_word' id='word_1_113' title='bbox 2568 2036 2630 2097; x_wconf 90' lang='lat' dir='ltr'>in</span> <span class='ocrx_word' id='word_1_114' title='bbox 2662 2038 2835 2120; x_wconf 90' lang='lat' dir='ltr'>aquis</span> <span class='ocrx_word' id='word_1_115' title='bbox 2865 2036 3109 2098; x_wconf 83' lang='lat' dir='ltr'>Levidae</span> 
     </span>
     <span class='ocr_line' id='line_1_16' title="bbox 1034 2124 2803 2208; baseline -0.002 -23"><span class='ocrx_word' id='word_1_116' title='bbox 1034 2124 1200 2187; x_wconf 89' lang='lat' dir='ltr'>urbis</span> <span class='ocrx_word' id='word_1_117' title='bbox 1231 2125 1403 2187; x_wconf 65' lang='lat' dir='ltr'>tincti</span> <span class='ocrx_word' id='word_1_118' title='bbox 1434 2125 1509 2188; x_wconf 92' lang='lat' dir='ltr'>ab</span> <span class='ocrx_word' id='word_1_119' title='bbox 1538 2126 1659 2187; x_wconf 88' lang='lat' dir='ltr'>hoe</span> <span class='ocrx_word' id='word_1_120' title='bbox 1689 2126 1930 2186; x_wconf 89' lang='lat' dir='ltr'>fuerant</span> <span class='ocrx_word' id='word_1_121' title='bbox 1959 2126 2176 2187; x_wconf 92' lang='lat' dir='ltr'>morbo</span> <span class='ocrx_word' id='word_1_122' title='bbox 2208 2125 2423 2208; x_wconf 90' lang='lat' dir='ltr'>[lepra]</span> <span class='ocrx_word' id='word_1_123' title='bbox 2457 2127 2753 2187; x_wconf 89' lang='lat' dir='ltr'>mundati.</span> <span class='ocrx_word' id='word_1_124' title='bbox 2780 2151 2803 2182; x_wconf 82' lang='lat'><strong>›</strong></span> 
     </span>
    </p>
   </div>
   <div class='ocr_carea' id='block_1_6' title="bbox 1036 2237 3108 2390">
    <p class='ocr_par' dir='ltr' id='par_1_6' title="bbox 1036 2237 3108 2390">
     <span class='ocr_line' id='line_1_17' title="bbox 1178 2237 3108 2388; baseline -0.002 -98"><span class='ocrx_word' id='word_1_125' title='bbox 1178 2240 1422 2388; x_wconf 80' lang='lat' dir='ltr'>[)Gregor.</span> <span class='ocrx_word' id='word_1_126' title='bbox 1457 2238 1786 2304; x_wconf 79' lang='lat' dir='ltr'>Turonensis,</span> <span class='ocrx_word' id='word_1_127' title='bbox 1816 2242 1892 2290; x_wconf 90' lang='lat' dir='ltr'>De</span> <span class='ocrx_word' id='word_1_128' title='bbox 1908 2238 2078 2306; x_wconf 86' lang='lat' dir='ltr'>gloria</span> <span class='ocrx_word' id='word_1_129' title='bbox 2101 2238 2434 2307; x_wconf 66' lang='lat' dir='ltr'>martyrum,l.</span> <span class='ocrx_word' id='word_1_130' title='bbox 2451 2239 2494 2303; x_wconf 90' lang='lat'>1,</span> <span class='ocrx_word' id='word_1_131' title='bbox 2508 2255 2552 2290; x_wconf 91' lang='lat' dir='ltr'>c.</span> <span class='ocrx_word' id='word_1_132' title='bbox 2585 2254 2648 2305; x_wconf 91' lang='lat'>19</span> <span class='ocrx_word' id='word_1_133' title='bbox 2671 2238 2779 2306; x_wconf 90' lang='lat' dir='ltr'>(ed.</span> <span class='ocrx_word' id='word_1_134' title='bbox 2809 2237 3040 2301; x_wconf 88' lang='lat' dir='ltr'>Bordier,</span> <span class='ocrx_word' id='word_1_135' title='bbox 3067 2238 3108 2302; x_wconf 91' lang='lat'>1,</span> 
     </span>
     <span class='ocr_line' id='line_1_18' title="bbox 1036 2321 1247 2390; baseline -0.028 0"><span class='ocrx_word' id='word_1_136' title='bbox 1036 2340 1087 2390; x_wconf 76' lang='lat' dir='ltr'>P·</span> <span class='ocrx_word' id='word_1_137' title='bbox 1116 2339 1184 2387; x_wconf 86' lang='lat'>54</span> <span class='ocrx_word' id='word_1_138' title='bbox 1215 2321 1247 2384; x_wconf 90' lang='lat'>·]</span> 
     </span>
    </p>
   </div>
   <div class='ocr_carea' id='block_1_7' title="bbox 1034 2499 2966 2568">
    <p class='ocr_par' dir='ltr' id='par_1_7' title="bbox 1034 2499 2966 2568">
     <span class='ocr_line' id='line_1_19' title="bbox 1034 2499 2966 2568; baseline -0.002 -17"><span class='ocrx_word' id='word_1_139' title='bbox 1034 2512 1137 2552; x_wconf 84' lang='lat' dir='ltr'>ant.</span> <span class='ocrx_word' id='word_1_140' title='bbox 1167 2517 1246 2551; x_wconf 90' lang='lat' dir='ltr'>an.</span> <span class='ocrx_word' id='word_1_141' title='bbox 1282 2504 1395 2564; x_wconf 84' lang='lat'>586.</span> <span class='ocrx_word' id='word_1_142' title='bbox 1425 2499 1617 2550; x_wconf 60' lang='lat' dir='ltr'>Fames</span> <span class='ocrx_word' id='word_1_143' title='bbox 1645 2512 1700 2549; x_wconf 75' lang='lat' dir='ltr'>IN</span> <span class='ocrx_word' id='word_1_144' title='bbox 1728 2512 1973 2568; x_wconf 67' lang='lat' dir='ltr'><strong>QUODAM</strong></span> <span class='ocrx_word' id='word_1_145' title='bbox 1998 2512 2363 2550; x_wconf 60' lang='lat' dir='ltr'>Mouas&#39;rmuo</span> <span class='ocrx_word' id='word_1_146' title='bbox 2398 2501 2966 2549; x_wconf 71' lang='lat' dir='ltr'>HoeaosoLYMlTANo.</span> 
     </span>
    </p>
   </div>
   <div class='ocr_carea' id='block_1_8' title="bbox 1175 2602 3112 2977">
    <p class='ocr_par' dir='ltr' id='par_1_8' title="bbox 1175 2602 3112 2977">
     <span class='ocr_line' id='line_1_20' title="bbox 1256 2602 3108 2672; baseline 0 -21"><span class='ocrx_word' id='word_1_147' title='bbox 1256 2625 1274 2651; x_wconf 79' lang='grc' dir='ltr'>ι</span> <span class='ocrx_word' id='word_1_148' title='bbox 1307 2604 1675 2655; x_wconf 86' lang='lat' dir='ltr'>Monasterium</span> <span class='ocrx_word' id='word_1_149' title='bbox 1704 2604 1771 2655; x_wconf 91' lang='lat' dir='ltr'>est</span> <span class='ocrx_word' id='word_1_150' title='bbox 1793 2603 1938 2656; x_wconf 88' lang='lat' dir='ltr'>valde</span> <span class='ocrx_word' id='word_1_151' title='bbox 1979 2621 2221 2672; x_wconf 88' lang='lat' dir='ltr'>magnum</span> <span class='ocrx_word' id='word_1_152' title='bbox 2258 2603 2306 2655; x_wconf 88' lang='lat' dir='ltr'>in</span> <span class='ocrx_word' id='word_1_153' title='bbox 2347 2602 2676 2670; x_wconf 85' lang='lat' dir='ltr'>Hierusalem,</span> <span class='ocrx_word' id='word_1_154' title='bbox 2713 2620 2812 2653; x_wconf 88' lang='lat' dir='ltr'>non</span> <span class='ocrx_word' id='word_1_155' title='bbox 2851 2602 3108 2653; x_wconf 85' lang='lat' dir='ltr'>modicam</span> 
     </span>
     <span class='ocr_line' id='line_1_21' title="bbox 1176 2681 3111 2753; baseline -0.002 -17"><span class='ocrx_word' id='word_1_156' title='bbox 1176 2685 1366 2736; x_wconf 87' lang='lat' dir='ltr'>habens</span> <span class='ocrx_word' id='word_1_157' title='bbox 1415 2684 1886 2753; x_wconf 81' lang='lat' dir='ltr'>congregationem,</span> <span class='ocrx_word' id='word_1_158' title='bbox 1930 2685 1978 2734; x_wconf 89' lang='lat' dir='ltr'>in</span> <span class='ocrx_word' id='word_1_159' title='bbox 2023 2701 2126 2752; x_wconf 90' lang='lat' dir='ltr'>quo</span> <span class='ocrx_word' id='word_1_160' title='bbox 2170 2701 2268 2734; x_wconf 88' lang='lat' dir='ltr'>non</span> <span class='ocrx_word' id='word_1_161' title='bbox 2318 2683 2473 2734; x_wconf 87' lang='lat' dir='ltr'>solum</span> <span class='ocrx_word' id='word_1_162' title='bbox 2513 2684 2721 2735; x_wconf 89' lang='lat' dir='ltr'>devotio</span> <span class='ocrx_word' id='word_1_163' title='bbox 2766 2682 2935 2750; x_wconf 80' lang='lat' dir='ltr'>populi</span> <span class='ocrx_word' id='word_1_164' title='bbox 2982 2681 3111 2750; x_wconf 84' lang='lat' dir='ltr'>saepe</span> 
     </span>
     <span class='ocr_line' id='line_1_22' title="bbox 1176 2760 3112 2833; baseline -0.003 -19"><span class='ocrx_word' id='word_1_165' title='bbox 1176 2763 1397 2833; x_wconf 86' lang='lat' dir='ltr'>plurima</span> <span class='ocrx_word' id='word_1_166' title='bbox 1438 2762 1651 2823; x_wconf 82' lang='lat' dir='ltr'>confert,</span> <span class='ocrx_word' id='word_1_167' title='bbox 1696 2780 1870 2813; x_wconf 88' lang='lat' dir='ltr'>verum</span> <span class='ocrx_word' id='word_1_168' title='bbox 1908 2761 2062 2813; x_wconf 87' lang='lat' dir='ltr'>etiam</span> <span class='ocrx_word' id='word_1_169' title='bbox 2104 2762 2426 2831; x_wconf 88' lang='lat' dir='ltr'>imperatoris</span> <span class='ocrx_word' id='word_1_170' title='bbox 2466 2762 2587 2814; x_wconf 85' lang='lat' dir='ltr'>iuffu</span> <span class='ocrx_word' id='word_1_171' title='bbox 2636 2762 2704 2813; x_wconf 93' lang='lat' dir='ltr'>ibi</span> <span class='ocrx_word' id='word_1_172' title='bbox 2748 2778 2849 2811; x_wconf 89' lang='lat' dir='ltr'>non</span> <span class='ocrx_word' id='word_1_173' title='bbox 2901 2760 3112 2810; x_wconf 88' lang='lat' dir='ltr'>minima</span> 
     </span>
     <span class='ocr_line' id='line_1_23' title="bbox 1176 2838 3110 2913; baseline -0.003 -17"><span class='ocrx_word' id='word_1_174' title='bbox 1176 2845 1475 2913; x_wconf 88' lang='lat' dir='ltr'>largiuntur.</span> <span class='ocrx_word' id='word_1_175' title='bbox 1506 2843 1719 2895; x_wconf 85' lang='lat' dir='ltr'>Accidit</span> <span class='ocrx_word' id='word_1_176' title='bbox 1743 2855 1911 2895; x_wconf 89' lang='lat' dir='ltr'>autem</span> <span class='ocrx_word' id='word_1_177' title='bbox 1940 2845 2167 2912; x_wconf 89' lang='lat' dir='ltr'>quodam</span> <span class='ocrx_word' id='word_1_178' title='bbox 2196 2856 2422 2912; x_wconf 87' lang='lat' dir='ltr'>tempore</span> <span class='ocrx_word' id='word_1_179' title='bbox 2449 2855 2503 2895; x_wconf 90' lang='lat' dir='ltr'>ut</span> <span class='ocrx_word' id='word_1_180' title='bbox 2525 2862 2628 2913; x_wconf 84' lang='lat' dir='ltr'>prae</span> <span class='ocrx_word' id='word_1_181' title='bbox 2649 2842 2853 2912; x_wconf 88' lang='lat' dir='ltr'>penuria</span> <span class='ocrx_word' id='word_1_182' title='bbox 2879 2838 3110 2910; x_wconf 84' lang='lat' dir='ltr'>egestatis</span> 
     </span>
     <span class='ocr_line' id='line_1_24' title="bbox 1175 2921 2340 2977; baseline -0.005 0"><span class='ocrx_word' id='word_1_183' title='bbox 1175 2926 1324 2977; x_wconf 90' lang='lat' dir='ltr'>valde</span> <span class='ocrx_word' id='word_1_184' title='bbox 1353 2925 1423 2977; x_wconf 90' lang='lat' dir='ltr'>eis</span> <span class='ocrx_word' id='word_1_185' title='bbox 1450 2924 1606 2976; x_wconf 55' lang='lat' dir='ltr'>vietus</span> <span class='ocrx_word' id='word_1_186' title='bbox 1634 2921 1906 2975; x_wconf 75' lang='lat' dir='ltr'>necessaria</span> <span class='ocrx_word' id='word_1_187' title='bbox 1932 2922 2293 2977; x_wconf 84' lang='lat' dir='ltr'>defeciffent....</span> <span class='ocrx_word' id='word_1_188' title='bbox 2322 2945 2340 2971; x_wconf 70' lang='lat' dir='ltr'>n</span> 
     </span>
    </p>
   </div>
   <div class='ocr_carea' id='block_1_9' title="bbox 1317 3034 3111 3183">
    <p class='ocr_par' dir='ltr' id='par_1_9' title="bbox 1317 3034 3111 3183">
     <span class='ocr_line' id='line_1_25' title="bbox 1317 3034 3111 3179; baseline -0.001 -93"><span class='ocrx_word' id='word_1_189' title='bbox 1317 3115 1352 3166; x_wconf 80' lang='lat' dir='ltr'>d</span> <span class='ocrx_word' id='word_1_190' title='bbox 1391 3034 1951 3179; x_wconf 66' lang='lat' dir='ltr'>[GregoriuslTuron.,</span> <span class='ocrx_word' id='word_1_191' title='bbox 1975 3036 2052 3087; x_wconf 88' lang='lat' dir='ltr'>De</span> <span class='ocrx_word' id='word_1_192' title='bbox 2069 3034 2241 3103; x_wconf 83' lang='lat' dir='ltr'>gloria</span> <span class='ocrx_word' id='word_1_193' title='bbox 2265 3047 2555 3105; x_wconf 62' lang='lat' dir='ltr'>marytrum,</span> <span class='ocrx_word' id='word_1_194' title='bbox 2579 3036 2610 3087; x_wconf 86' lang='lat'>1.</span> <span class='ocrx_word' id='word_1_195' title='bbox 2632 3037 2677 3099; x_wconf 91' lang='grc' dir='ltr'>Ι,</span> <span class='ocrx_word' id='word_1_196' title='bbox 2695 3053 2739 3088; x_wconf 92' lang='lat' dir='ltr'>c.</span> <span class='ocrx_word' id='word_1_197' title='bbox 2761 3053 2782 3085; x_wconf 88' lang='lat'>1</span> <span class='ocrx_word' id='word_1_198' title='bbox 2798 3055 2818 3086; x_wconf 90' lang='lat'>1</span> <span class='ocrx_word' id='word_1_199' title='bbox 2855 3035 2952 3100; x_wconf 90' lang='lat' dir='ltr'>(ed.</span> <span class='ocrx_word' id='word_1_200' title='bbox 2983 3035 3111 3087; x_wconf 89' lang='lat' dir='ltr'>Bor-</span> 
     </span>
     <span class='ocr_line' id='line_1_26' title="bbox 1355 3114 1700 3183; baseline -0.003 -17"><span class='ocrx_word' id='word_1_201' title='bbox 1355 3115 1442 3179; x_wconf 89' lang='lat' dir='ltr'>ier,</span> <span class='ocrx_word' id='word_1_202' title='bbox 1460 3114 1566 3183; x_wconf 71' lang='lat' dir='ltr'>Lp.</span> <span class='ocrx_word' id='word_1_203' title='bbox 1601 3117 1700 3180; x_wconf 86' lang='lat'>34).</span> 
     </span>
    </p>
   </div>
   <div class='ocr_carea' id='block_1_10' title="bbox 769 3263 2288 3393">
    <p class='ocr_par' dir='ltr' id='par_1_10' title="bbox 769 3263 2288 3393">
     <span class='ocr_line' id='line_1_27' title="bbox 769 3263 2288 3393; baseline 0.005 -40"><span class='ocrx_word' id='word_1_204' title='bbox 769 3308 827 3353; x_wconf 89' lang='lat' dir='ltr'>c.</span> <span class='ocrx_word' id='word_1_205' title='bbox 872 3280 1011 3380; x_wconf 81' lang='lat'>586</span> <span class='ocrx_word' id='word_1_206' title='bbox 1040 3270 1534 3393; x_wconf 83' lang='lat' dir='ltr'>Gregorius</span> <span class='ocrx_word' id='word_1_207' title='bbox 1578 3263 2148 3357; x_wconf 83' lang='lat' dir='ltr'>Turonensis.</span> <span class='ocrx_word' id='word_1_208' title='bbox 2199 3291 2288 3360; x_wconf 73' lang='lat'>(¹5)</span> 
     </span>
    </p>
   </div>
   <div class='ocr_carea' id='block_1_11' title="bbox 1731 3451 2417 3540">
    <p class='ocr_par' dir='ltr' id='par_1_11' title="bbox 1731 3451 2417 3540">
     <span class='ocr_line' id='line_1_28' title="bbox 1731 3451 2417 3540; baseline 0.001 -26"><span class='ocrx_word' id='word_1_209' title='bbox 1731 3482 1755 3514; x_wconf 70' lang='grc' dir='ltr'><em>α</em></span> <span class='ocrx_word' id='word_1_210' title='bbox 1807 3457 1906 3517; x_wconf 87' lang='lat' dir='ltr'>De</span> <span class='ocrx_word' id='word_1_211' title='bbox 1913 3455 2109 3540; x_wconf 90' lang='lat' dir='ltr'>fluvio</span> <span class='ocrx_word' id='word_1_212' title='bbox 2138 3451 2417 3516; x_wconf 90' lang='lat' dir='ltr'>Iordane.</span> 
     </span>
    </p>
   </div>
   <div class='ocr_carea' id='block_1_12' title="bbox 1020 3581 3113 4379">
    <p class='ocr_par' dir='ltr' id='par_1_12' title="bbox 1020 3581 3113 4379">
     <span class='ocr_line' id='line_1_29' title="bbox 1124 3581 3110 3669; baseline 0 -25"><span class='ocrx_word' id='word_1_213' title='bbox 1124 3614 1146 3644; x_wconf 61' lang='grc' dir='ltr'><strong>α</strong></span> <span class='ocrx_word' id='word_1_214' title='bbox 1177 3587 1254 3649; x_wconf 85' lang='lat' dir='ltr'>Et</span> <span class='ocrx_word' id='word_1_215' title='bbox 1280 3586 1413 3668; x_wconf 88' lang='lat' dir='ltr'>quia</span> <span class='ocrx_word' id='word_1_216' title='bbox 1447 3586 1674 3648; x_wconf 87' lang='lat' dir='ltr'>Ioannis</span> <span class='ocrx_word' id='word_1_217' title='bbox 1699 3585 1978 3669; x_wconf 71' lang='lat' dir='ltr'>Baptista»</span> <span class='ocrx_word' id='word_1_218' title='bbox 2020 3585 2382 3662; x_wconf 89' lang='lat' dir='ltr'>meminimus,</span> <span class='ocrx_word' id='word_1_219' title='bbox 2411 3584 2639 3665; x_wconf 89' lang='lat' dir='ltr'>dignum</span> <span class='ocrx_word' id='word_1_220' title='bbox 2676 3585 2753 3667; x_wconf 75' lang='lat' dir='ltr'>est</span> <span class='ocrx_word' id='word_1_221' title='bbox 2785 3598 2848 3645; x_wconf 90' lang='lat' dir='ltr'>ut</span> <span class='ocrx_word' id='word_1_222' title='bbox 2886 3584 2951 3644; x_wconf 89' lang='lat' dir='ltr'>de</span> <span class='ocrx_word' id='word_1_223' title='bbox 2978 3581 3110 3644; x_wconf 90' lang='lat' dir='ltr'>Ior-</span> 
     </span>
     <span class='ocr_line' id='line_1_30' title="bbox 1038 3671 3113 3762; baseline -0.001 -24"><span class='ocrx_word' id='word_1_224' title='bbox 1038 3676 1194 3738; x_wconf 88' lang='lat' dir='ltr'>dane</span> <span class='ocrx_word' id='word_1_225' title='bbox 1224 3675 1423 3755; x_wconf 88' lang='lat' dir='ltr'>aliqua</span> <span class='ocrx_word' id='word_1_226' title='bbox 1453 3698 1824 3736; x_wconf 86' lang='lat' dir='ltr'><em>memoremus.</em></span> <span class='ocrx_word' id='word_1_227' title='bbox 1867 3673 2056 3754; x_wconf 84' lang='lat' dir='ltr'>Igitur</span> <span class='ocrx_word' id='word_1_228' title='bbox 2088 3698 2124 3734; x_wconf 93' lang='lat' dir='ltr'>a</span> <span class='ocrx_word' id='word_1_229' title='bbox 2154 3688 2325 3735; x_wconf 90' lang='lat' dir='ltr'>monte</span> <span class='ocrx_word' id='word_1_230' title='bbox 2363 3671 2596 3734; x_wconf 88' lang='lat' dir='ltr'>Phanio</span> <span class='ocrx_word' id='word_1_231' title='bbox 2628 3673 2732 3733; x_wconf 91' lang='lat' dir='ltr'>duo</span> <span class='ocrx_word' id='word_1_232' title='bbox 2774 3674 3113 3762; x_wconf 85' lang='lat' dir='ltr'>consurgunt</span> 
     </span>
     <span class='ocr_line' id='line_1_31' title="bbox 1020 3760 3111 3850; baseline -0.002 -23"><span class='ocrx_word' id='word_1_233' title='bbox 1020 3769 1233 3850; x_wconf 84' lang='lat' dir='ltr'>fontes,</span> <span class='ocrx_word' id='word_1_234' title='bbox 1263 3786 1495 3846; x_wconf 91' lang='lat' dir='ltr'>quorum</span> <span class='ocrx_word' id='word_1_235' title='bbox 1537 3786 1678 3825; x_wconf 86' lang='lat' dir='ltr'>unus</span> <span class='ocrx_word' id='word_1_236' title='bbox 1706 3760 1832 3840; x_wconf 89' lang='lat' dir='ltr'>Ior,</span> <span class='ocrx_word' id='word_1_237' title='bbox 1882 3762 2031 3824; x_wconf 89' lang='lat' dir='ltr'>alter</span> <span class='ocrx_word' id='word_1_238' title='bbox 2072 3761 2214 3823; x_wconf 89' lang='lat' dir='ltr'>Dan</span> <span class='ocrx_word' id='word_1_239' title='bbox 2261 3762 2582 3823; x_wconf 85' lang='lat' dir='ltr'>vocitatur:</span> <span class='ocrx_word' id='word_1_240' title='bbox 2611 3762 2709 3841; x_wconf 89' lang='lat' dir='ltr'>qui</span> <span class='ocrx_word' id='word_1_241' title='bbox 2748 3763 2820 3823; x_wconf 89' lang='lat' dir='ltr'>ab</span> <span class='ocrx_word' id='word_1_242' title='bbox 2871 3777 3111 3843; x_wconf 87' lang='lat' dir='ltr'>utraque</span> 
     </span>
     <span class='ocr_line' id='line_1_32' title="bbox 1029 3850 3111 3937; baseline -0.001 -21"><span class='ocrx_word' id='word_1_243' title='bbox 1029 3868 1203 3937; x_wconf 89' lang='lat' dir='ltr'>parte</span> <span class='ocrx_word' id='word_1_244' title='bbox 1242 3852 1564 3914; x_wconf 85' lang='lat' dir='ltr'>Phaniadae</span> <span class='ocrx_word' id='word_1_245' title='bbox 1609 3853 1784 3929; x_wconf 86' lang='lat' dir='ltr'>urbis,</span> <span class='ocrx_word' id='word_1_246' title='bbox 1820 3874 1943 3933; x_wconf 85' lang='lat' dir='ltr'>quae</span> <span class='ocrx_word' id='word_1_247' title='bbox 1963 3851 2132 3933; x_wconf 89' lang='lat' dir='ltr'>prius</span> <span class='ocrx_word' id='word_1_248' title='bbox 2175 3850 2447 3914; x_wconf 84' lang='lat' dir='ltr'>Caesarea</span> <span class='ocrx_word' id='word_1_249' title='bbox 2479 3850 2745 3932; x_wconf 88' lang='lat' dir='ltr'>Philippi</span> <span class='ocrx_word' id='word_1_250' title='bbox 2773 3853 3111 3925; x_wconf 89' lang='lat' dir='ltr'>vocabatur,</span> 
     </span>
     <span class='ocr_line' id='line_1_33' title="bbox 1041 3939 3112 4030; baseline 0 -28"><span class='ocrx_word' id='word_1_251' title='bbox 1041 3942 1432 4030; x_wconf 85' lang='lat' dir='ltr'>descendentes,</span> <span class='ocrx_word' id='word_1_252' title='bbox 1463 3942 1581 4030; x_wconf 88' lang='lat' dir='ltr'>sub</span> <span class='ocrx_word' id='word_1_253' title='bbox 1628 3941 1753 4028; x_wconf 90' lang='lat' dir='ltr'>ipsa</span> <span class='ocrx_word' id='word_1_254' title='bbox 1784 3942 1924 4001; x_wconf 88' lang='lat' dir='ltr'>urbe</span> <span class='ocrx_word' id='word_1_255' title='bbox 1972 3952 2088 3999; x_wconf 88' lang='lat' dir='ltr'>tam</span> <span class='ocrx_word' id='word_1_256' title='bbox 2110 3940 2335 4021; x_wconf 85' lang='lat' dir='ltr'>fluentis</span> <span class='ocrx_word' id='word_1_257' title='bbox 2366 3939 2657 4016; x_wconf 64' lang='lat' dir='ltr'>coniunffli,</span> <span class='ocrx_word' id='word_1_258' title='bbox 2700 3961 2869 4020; x_wconf 87' lang='lat' dir='ltr'>quam</span> <span class='ocrx_word' id='word_1_259' title='bbox 2899 3942 3112 4002; x_wconf 89' lang='lat' dir='ltr'>nomine</span> 
     </span>
     <span class='ocr_line' id='line_1_34' title="bbox 1041 4027 3111 4116; baseline -0.001 -25"><span class='ocrx_word' id='word_1_260' title='bbox 1041 4053 1167 4108; x_wconf 92' lang='lat' dir='ltr'>uno,</span> <span class='ocrx_word' id='word_1_261' title='bbox 1196 4027 1521 4091; x_wconf 89' lang='lat' dir='ltr'>Iordanem</span> <span class='ocrx_word' id='word_1_262' title='bbox 1550 4030 1815 4114; x_wconf 76' lang='lat' dir='ltr'>efficiunt,</span> <span class='ocrx_word' id='word_1_263' title='bbox 1857 4029 1955 4109; x_wconf 90' lang='lat' dir='ltr'>qui</span> <span class='ocrx_word' id='word_1_264' title='bbox 2001 4028 2170 4116; x_wconf 88' lang='lat' dir='ltr'>usque</span> <span class='ocrx_word' id='word_1_265' title='bbox 2207 4028 2503 4089; x_wconf 86' lang='lat' dir='ltr'>Hiericho</span> <span class='ocrx_word' id='word_1_266' title='bbox 2536 4029 2823 4089; x_wconf 89' lang='lat' dir='ltr'>civitatem</span> <span class='ocrx_word' id='word_1_267' title='bbox 2854 4031 2922 4090; x_wconf 53' lang='grc' dir='ltr'>Εἴ</span> <span class='ocrx_word' id='word_1_268' title='bbox 2950 4029 3111 4090; x_wconf 89' lang='lat' dir='ltr'>ultra</span> 
     </span>
     <span class='ocr_line' id='line_1_35' title="bbox 1042 4117 3112 4204; baseline -0.002 -23"><span class='ocrx_word' id='word_1_269' title='bbox 1042 4119 1248 4204; x_wconf 87' lang='lat' dir='ltr'>defluit.</span> <span class='ocrx_word' id='word_1_270' title='bbox 1283 4118 1351 4179; x_wconf 89' lang='lat' dir='ltr'>In</span> <span class='ocrx_word' id='word_1_271' title='bbox 1381 4141 1437 4179; x_wconf 93' lang='lat' dir='ltr'>eo</span> <span class='ocrx_word' id='word_1_272' title='bbox 1466 4118 1705 4179; x_wconf 86' lang='lat' dir='ltr'>habetur</span> <span class='ocrx_word' id='word_1_273' title='bbox 1733 4117 1878 4179; x_wconf 85' lang='lat' dir='ltr'>locus</span> <span class='ocrx_word' id='word_1_274' title='bbox 1907 4117 1964 4179; x_wconf 94' lang='lat' dir='ltr'>in</span> <span class='ocrx_word' id='word_1_275' title='bbox 1994 4141 2096 4198; x_wconf 89' lang='lat' dir='ltr'>quo</span> <span class='ocrx_word' id='word_1_276' title='bbox 2124 4118 2403 4179; x_wconf 89' lang='lat' dir='ltr'>Dominus</span> <span class='ocrx_word' id='word_1_277' title='bbox 2428 4118 2756 4199; x_wconf 81' lang='lat' dir='ltr'>baptizatus</span> <span class='ocrx_word' id='word_1_278' title='bbox 2783 4118 2878 4197; x_wconf 81' lang='lat' dir='ltr'>est.</span> <span class='ocrx_word' id='word_1_279' title='bbox 2911 4117 2980 4179; x_wconf 91' lang='lat' dir='ltr'>In</span> <span class='ocrx_word' id='word_1_280' title='bbox 3006 4140 3112 4177; x_wconf 91' lang='lat' dir='ltr'>uno</span> 
     </span>
     <span class='ocr_line' id='line_1_36' title="bbox 1041 4205 3108 4296; baseline -0.001 -27"><span class='ocrx_word' id='word_1_281' title='bbox 1041 4209 1234 4269; x_wconf 87' lang='lat' dir='ltr'>etenim</span> <span class='ocrx_word' id='word_1_282' title='bbox 1278 4209 1494 4292; x_wconf 85' lang='lat' dir='ltr'>reflexu</span> <span class='ocrx_word' id='word_1_283' title='bbox 1546 4230 1698 4289; x_wconf 89' lang='lat' dir='ltr'>aqua</span> <span class='ocrx_word' id='word_1_284' title='bbox 1737 4207 1862 4296; x_wconf 76' lang='lat' dir='ltr'>ispa</span> <span class='ocrx_word' id='word_1_285' title='bbox 1905 4206 2252 4284; x_wconf 85' lang='lat' dir='ltr'>revolvitur,</span> <span class='ocrx_word' id='word_1_286' title='bbox 2292 4207 2350 4268; x_wconf 93' lang='lat' dir='ltr'>in</span> <span class='ocrx_word' id='word_1_287' title='bbox 2390 4230 2501 4288; x_wconf 88' lang='lat' dir='ltr'>qua</span> <span class='ocrx_word' id='word_1_288' title='bbox 2538 4229 2685 4266; x_wconf 88' lang='lat' dir='ltr'>nunc</span> <span class='ocrx_word' id='word_1_289' title='bbox 2720 4205 2919 4290; x_wconf 80' lang='lat' dir='ltr'>leprofi</span> <span class='ocrx_word' id='word_1_290' title='bbox 2943 4229 3108 4267; x_wconf 89' lang='lat' dir='ltr'>mun-</span> 
     </span>
     <span class='ocr_line' id='line_1_37' title="bbox 1042 4293 3112 4379; baseline -0.001 -20"><span class='ocrx_word' id='word_1_291' title='bbox 1042 4299 1274 4359; x_wconf 83' lang='lat' dir='ltr'>dantur.</span> <span class='ocrx_word' id='word_1_292' title='bbox 1317 4295 1458 4357; x_wconf 90' lang='lat' dir='ltr'>Cum</span> <span class='ocrx_word' id='word_1_293' title='bbox 1516 4311 1699 4358; x_wconf 85' lang='lat' dir='ltr'>autem</span> <span class='ocrx_word' id='word_1_294' title='bbox 1756 4295 2115 4373; x_wconf 82' lang='lat' dir='ltr'>advenerint,</span> <span class='ocrx_word' id='word_1_295' title='bbox 2157 4293 2369 4379; x_wconf 80' lang='lat' dir='ltr'>saepius</span> <span class='ocrx_word' id='word_1_296' title='bbox 2417 4294 2706 4356; x_wconf 85' lang='lat' dir='ltr'>lavantur</span> <span class='ocrx_word' id='word_1_297' title='bbox 2761 4295 2817 4355; x_wconf 91' lang='lat' dir='ltr'>in</span> <span class='ocrx_word' id='word_1_298' title='bbox 2846 4295 3112 4379; x_wconf 88' lang='lat' dir='ltr'>flumine,</span> 
     </span>
    </p>
   </div>
  </div>
 </body>
</html>
