3620 5680
1061 540 1204 631 232
1992 520 2204 629 (562)

1061 774 1138 826 ed.
1176 772 1407 841 Harlefij,
1457 772 1765 842 Hamburgi,
1822 778 1974 837 1804,
2018 769 2148 836 iri-4,
2194 782 2234 822 t.
2281 771 2374 834 IX,
2422 787 2505 839 pp.
2560 774 2801 837 522-528.
2852 770 3043 821 Incerta
3088 766 3151 829 est

1045 855 1096 922 ſs
1124 854 1353 907 Iohannis
1379 853 1586 909 Climaci
1608 855 1665 905 89⁹
1684 853 1893 921 Geor-gij
1907 852 2101 920 patria.
2124 854 2262 904 Anno
2289 856 2386 904 606
2425 849 2579 917 obiff
2605 848 2819 902 videtur
2829 846 2881 915 s
2910 849 3147 901 Iohannes

1062 935 1320 999 CIimacm,
1347 933 1432 1003 qui
1455 952 1582 986 anno
1604 933 1764 987 aetatis
1774 933 1888 999 suae
1916 932 2030 999 xvj
2050 934 2124 984 ad
2155 942 2356 985 montem
2389 932 2556 983 Sinam
2590 929 2738 982 ‘venit
2762 930 2819 981 ὅ
2837 928 2995 997 postea
3032 928 3147 996 plus

1062 1032 1213 1083 quam
1237 1012 1368 1067 xliv
1390 1031 1542 1065 annos
1566 1011 1733 1079 vixit,
1758 1023 1814 1065 ut
1836 1030 1905 1065 ex
1930 1012 2051 1064 ‘vita‘
2075 1010 2180 1063 eius
2204 1009 2448 1076 dfiimus.

1134 1121 1239 1187 (Cf.
1265 1121 1456 1173 Itinera
1473 1137 1669 1188 graeca,
1692 1118 1767 1188 1.)

727 1288 888 1387 562-
901 1306 1031 1387 593
1065 1299 1509 1369 “MONACHI
1528 1301 1574 1365 S
1576 1304 1700 1366 coti
1722 1325 1791 1366 ex
1823 1298 2063 1391 Hieros
2053 1297 2393 1387 olymitanis
2403 1298 2688 1387 partibus
2702 1322 2819 1389 per
2837 1298 3147 1366 §Hauria-

1064 1409 1216 1500 nens
1207 1434 1296 1475 em
1336 1409 1532 1474 urbem
1566 1407 1894 1474 redeunteS.
1950 1413 2101 1483 (375)

1214 1545 1315 1611 [Cf.
1343 1545 1492 1611 infra,
1515 1555 1578 1598 n0
1607 1550 1736 1610 37⁶2
1775 1547 1827 1598 S.
1858 1544 2098 1615 Tmlus]

732 1703 1031 1802 562-593
1070 1708 1199 1778 **S.
1235 1707 1519 1812 TIGRIS‚
1526 1710 1641 1800 seu
1678 1706 2024 1795 THECLA‚
2058 1710 2533 1800 Waurianenfis
2566 1707 2806 1792 mulier,
2846 1734 2976 1776 cum
3011 1713 3148 1799 qui-

1067 1817 1312 1911 busdam
1352 1819 1658 1883 monachis
1692 1816 2261 1901 Waudauenfibus.
2318 1822 2475 1891 (376)

1153 1961 1177 1993 ι
1214 1935 1383 1998 Nam
1426 1936 1707 2017 quaedam
1758 1933 1980 1996 mulier
2019 1956 2053 1996 a
2093 1933 2469 1997 Maurienna
2518 1932 2669 1995 urbe
2721 1936 3142 2017 progredienS,

1068 2022 1250 2107 ipfius
1274 2022 1666 2086 Praecursoris
1687 2022 1975 2106 reliquias
2005 2023 2319 2105 expetivit,
2349 2021 2408 2084 δι
2438 2022 2521 2083 ita
2550 2021 2606 2084 se
2625 2022 2984 2085 constrinxit
3005 2025 3145 2085 vin-

1068 2112 1211 2175 culo
1241 2113 1589 2191 iuramenti,
1612 2131 1680 2174 ut
1700 2133 1827 2174 non
1861 2126 2000 2174 ante
2023 2133 2057 2173 a
2085 2110 2227 2173 loco
2251 2110 2587 2172 discederet
2614 2108 2724 2172 nifi
2748 2113 2823 2172 de
2849 2112 3142 2174 membris

1069 2205 1199 2265 eius
1228 2218 1561 2264 mereretur
1589 2202 1922 2283 quicquam
1953 2200 2250 2282 accipere.
2297 2199 2411 2261 Sed
2444 2220 2587 2260 cum
2622 2199 2986 2281 impoffibile
3024 2201 3146 2262 hoc

1071 2289 1291 2352 incolae
1314 2289 1433 2352 loci
1453 2305 1784 2366 narrarent,
1807 2288 2297 2370 prosternabatur
2315 2286 2594 2369 quotidie
2617 2303 2756 2350 ante
2781 2287 3148 2370 sepulcrum,

1018 2395 1022 2401 ·
1070 2400 1251 2441 orans
1274 2376 1401 2456 fibi,
1430 2394 1498 2440 ut
1519 2378 1802 2455 diximus,
1833 2379 1909 2438 de
1933 2376 2148 2439 sanctis
2172 2376 2421 2438 artubus
2446 2374 2649 2457 aliqua
2670 2376 3027 2438 condonari.
3071 2374 3145 2438 In

1071 2489 1192 2550 qua
1236 2467 1576 2529 intentione
1615 2469 1924 2548 integrum
1968 2466 2142 2527 duxit
2173 2486 2421 2526 annum.
2468 2463 2761 2527 Similiter
2791 2464 2850 2527 &
2879 2465 3143 2527 alterum

1074 2557 1195 2640 iugi
1221 2556 1455 2638 semper
1471 2556 1748 2616 oratione
1765 2553 2117 2636 deposcens,
2139 2552 2367 2614 Tertio
2394 2573 2537 2614 vero
2562 2553 2944 2635 ingrediente
2962 2575 3148 2632 anno,

1072 2667 1213 2707 cum
1258 2645 1598 2706 orationem
1641 2642 1804 2704 suam
1854 2642 2171 2724 pervenire
2222 2664 2349 2704 non
2394 2657 2675 2704 cerneret
2718 2643 2792 2703 ad
2838 2640 3146 2721 effectum,

1074 2733 1336 2815 proiecit
1365 2732 1419 2794 se
1444 2746 1581 2793 ante
1609 2730 1978 2813 sepulcrum3
2009 2730 2067 2792 δι
2091 2731 2421 2793 obtestatur
2441 2752 2567 2792 non
2593 2729 2649 2792 se
2671 2730 2893 2792 exinde
2917 2729 3143 2793 surrec-

1074 2837 1295 2900 turam,
1336 2820 1679 2904 priusquam
1720 2820 1851 2882 haec
1884 2819 2098 2901 petitio
2130 2819 2509 2882 obtineretur
2538 2840 2573 2880 a
2604 2819 2828 2882 san-sto.
2872 2819 3147 2902 Septima

1072 2931 1215 2972 vero
1235 2910 1353 2989 die,
1376 2931 1519 2971 cum
1543 2910 1661 2970 iam
1681 2909 1885 2970 inedia
1900 2907 2213 2985 deficeret,
2234 2908 2516 2991 apparuit
2537 2908 2712 2991 super
2734 2908 2921 2970 altare
2941 2908 3148 2991 pollex

1072 2999 1209 3060 miri
1238 2998 1518 3061 candoris
1550 3018 1619 3059 ac
1651 2997 1805 3060 lucis
1836 2997 2151 3080 effingens·
2197 2998 2471 3080 Cognito
2516 3014 2722 3059 autem
2766 2997 2986 3060 mulier
3020 2997 3147 3060 Dei

1072 3090 1260 3162 done,
1317 3086 1570 3149 surrexit
1613 3107 1647 3147 a
1692 3087 2067 3167 paviment0,
2110 3087 2392 3168 factaque
2437 3085 2677 3169 capsula
2719 3107 2920 3165 aurea,
2970 3087 3029 3148 in
3075 3108 3148 3148 ea

1071 3175 1416 3238 recondidit
1455 3197 1592 3258 quae
1639 3172 1921 3236 Domino
1962 3174 2257 3256 largiente
2292 3192 2612 3254 meruerat,
2655 3175 2715 3237 &
2756 3175 2834 3237 fic
2876 3176 3147 3257 gaudens

1071 3264 1365 3326 remeavit
1392 3263 1465 3326 ad
1498 3265 1761 3346 propria.
1799 3287 1824 3320 ι»

1214 3375 1400 3442 [Greg.
1421 3373 1643 3438 Tur-on„
1669 3375 1742 3425 De
1752 3372 1925 3440 gloria
1951 3383 2242 3441 martyrum,
2266 3391 2308 3426 c.
2338 3375 2462 3425 XIV
2494 3374 2603 3440 (ed.
2631 3373 2861 3439 Boi-dier,
2884 3375 2929 3442 1,
2949 3393 2999 3445 p.
3021 3396 3052 3439 4
3059 3377 3144 3444 5).]

1158 3532 1181 3563 α
1192 3502 1264 3566 In
1277 3503 1491 3567 diebus
1511 3501 1834 3585 praecellen
1842 3501 2037 3564 tiffimi
2054 3503 2211 3585 regis
2224 3502 2602 3581 Gontranni‚
2615 3502 2834 3563 mulier
2844 3504 3149 3585 quaedam,

1072 3593 1285 3675 Tigris
1316 3592 1588 3669 nomine,
1617 3612 1692 3652 ex
1724 3592 2031 3653 territorio
2055 3591 2503 3679 Mauriginense
2531 3608 2686 3668 orta,
2715 3591 2948 3673 oppido
2976 3595 3143 3674 quod

1072 3682 1427 3743 nominatur
1465 3678 1526 3743 V
1521 3679 1715 3757 olacis,
1754 3679 2042 3741 nobiliter
2078 3696 2219 3741 nata
2248 3678 2306 3740 &
2337 3677 2510 3740 sacris
2553 3678 2767 3741 litteris
2806 3680 3147 3757 educata3...

1075 3770 1298 3832 accidit
1348 3771 1654 3832 bonorum
1698 3770 1967 3829 virorum
2015 3787 2417 3829 monacorum
2460 3768 2738 3852 religiosa
2786 3768 3041 3832 facultas
3082 3772 3144 3832 in

1075 3859 1578 3949 lherosolymitanis
1627 3857 1895 3939 partibus
1934 3856 2157 3918 sociam
2202 3877 2468 3939 pergere.
2525 3859 2582 3920 A
2627 3858 2848 3940 quibus
2890 3857 2995 3919 illa
3035 3880 3145 3920 au-

1073 3948 1225 4009 divit
1251 3946 1613 4008 venerabilis
1642 3945 1855 4027 Tigris
1886 3944 1962 4005 de
1993 3945 2170 4007 beato
2204 3942 2480 4007 Iohanne
2511 3945 2779 4028 Baptista
2791 3974 2809 4022 3
2838 3946 3016 4009 huius
3051 3967 3148 4008 re-

1073 4035 1292 4118 liquias
1338 4035 1517 4097 anxia
1545 4034 1877 4118 quaerebat,
1920 4034 2086 4117 quod
2120 4033 2391 4094 membra
2430 4033 2594 4098 illius
2633 4032 2871 4097 fuiffent
2898 4035 3149 4096 humata

1074 4123 1136 4186 in
1155 4125 1399 4186 civitate
1420 4123 1707 4185 Samariae
1723 4145 1860 4205 quae
1882 4143 2047 4184 nunc
2064 4122 2275 4206 Sebaste
2302 4137 2577 4202 vocatur,
2607 4144 2677 4185 ac
2699 4139 2978 4205 tempore
3002 4144 3149 4205 pro-

1074 4213 1331 4275 cedente
1361 4209 1775 4275 Alexandriam
1804 4208 1974 4271 miffa
2011 4226 2316 4293 caputque
2357 4211 2488 4273 eius
2521 4212 2787 4273 Phoenice
2828 4210 3147 4294 perlatum.

1076 4303 1192 4365 His
1222 4302 1527 4381 instructa,
1551 4301 1676 4365 Dei
1707 4302 1932 4363 famula
1954 4302 2123 4363 dedit
2144 4320 2393 4382 operam
2417 4300 2602 4383 usque
2625 4303 2698 4363 ad
2724 4303 3147 4364 inventionem

3325 5588 3352 5623 ef
3361 5600 3460 5625 ...2²-
3555 5618 3556 5621 ,
