3620 5680
346 1871 487 1946 401

1158 1400 1772 1493 SAECULUM
1828 1402 1936 1491 V.

527 1858 819 1931 PRISCUS
867 1861 936 1928 δε
973 1858 1302 1931 EUBULUS
1353 1890 1388 1927 α
1445 1864 1778 1955 ‘Theophilo
1832 1864 2255 1934 <Alexandrino
2305 1868 2583 1958 episcopo

529 1973 590 2036 in
630 1970 1012 2059 Paloestinam
1049 1970 1220 2059 mzffi.
1265 1981 1414 2048 (127)

609 2152 633 2182 ι
673 2125 1016 2187 Beatissimo
1072 2146 1245 2206 papae
1291 2123 1655 2206 Theophilo
1708 2122 2143 2206 Hieronymus,
2194 2124 2416 2207 Nuper
2465 2141 2586 2189 tuae

529 2214 930 2277 Beatitudinis
983 2214 1229 2296 percepi
1270 2213 1503 2296 scripta,
1543 2213 1933 2275 emendantia
1980 2228 2152 2275 vetus
2182 2210 2486 2275 silentium
2530 2216 2589 2278 &

529 2324 627 2364 me
657 2304 728 2363 ad
760 2301 1002 2364 solitum
1043 2301 1313 2363 officium
1343 2301 1759 2383 provocantia.
1805 2300 2014 2378 Unde,
2042 2299 2185 2362 licet
2216 2323 2323 2383 per
2354 2302 2588 2364 sandios

529 2392 761 2470 fratreS,
793 2389 1063 2453 Priscum
1093 2390 1153 2452 &
1182 2388 1518 2466 Eubulum,
1562 2404 1700 2452 tuus
1744 2390 1817 2449 ad
1865 2411 1978 2452 nos
2019 2388 2213 2450 sermo
2258 2388 2590 2469 ceffaverit,

531 2496 732 2542 tamen
761 2481 903 2563 quia
925 2480 1190 2541 vidimus
1222 2478 1360 2542 illos
1398 2477 1537 2539 zelo
1560 2476 1701 2540 fidei
1726 2481 2089 2556 concitatos,
2116 2480 2336 2560 raptim
2364 2479 2592 2566 Palaes-

529 2569 660 2632 tinae
712 2567 974 2631 lustrass'e
1014 2570 1316 2651 regiones,
1367 2567 1425 2629 &
1475 2565 1759 2648 dispersos
1810 2566 2053 2649 regulos
2103 2566 2287 2649 usque
2338 2569 2410 2629 ad
2463 2567 2591 2631 suas

531 2657 785 2720 latebras
818 2657 1184 2740 persecutos,
1233 2656 1500 2717 breviter
1545 2655 1881 2734 scribimuS,
1929 2656 2093 2738 quod
2137 2671 2300 2719 totus
2331 2660 2594 2720 mundus

535 2746 767 2809 exultet
795 2746 855 2808 &
884 2746 945 2808 in
979 2747 1096 2808 tuis
1125 2745 1395 2807 vietoriis
1424 2744 1733 2827 glorietur.
1770 2769 1794 2801 ›

679 2901 743 2966 [S.
775 2899 1137 2972 Hieronymus,
1180 2897 1388 2968 Eptstola
1415 2900 1709 2964 LXXXVI,
1748 2901 1823 2950 ad
1852 2896 2163 2968 Theophilum
2194 2870 2425 2968 (Migne,
2462 2901 2598 2955 Patr.

535 2979 640 3045 lat„
665 2981 837 3045 XXII,
859 2997 902 3032 c.
933 2998 960 3043 7
968 2980 1100 3050 54).]

541 3146 1075 3236 PAULINIANUS,
1095 3151 1308 3238 frater
1323 3150 1386 3240 s.
1423 3149 1802 3238 Hieronymi,
1839 3147 2031 3213 altera
2067 3148 2214 3229 vice,
2260 3147 2599 3239 ab‘Europa

537 3257 724 3324 redux
755 3282 868 3346 quo
898 3285 932 3323 α
954 3258 1016 3347 s.
1053 3255 1422 3346 Hieronymo
1459 3280 1610 3322 armo
1646 3255 1783 3350 398
1821 3255 2023 3344 miffus
2043 3257 2273 3343 fuerat.
2313 3263 2469 3333 (128)

624 3427 648 3458 «
685 3400 801 3463 Sed
845 3401 989 3483 quia
1038 3397 1427 3462 Paulinianus
1474 3398 1658 3461 frater
1701 3419 1893 3476 meus,
1942 3397 2017 3459 de
2061 3396 2483 3460 Commentariis
2526 3402 2608 3462 ad

539 3488 790 3575 Ephefios
832 3489 1113 3571 quaedam
1157 3489 1230 3549 ab
1275 3509 1349 3550 eo
1389 3487 1751 3569 reprehensa
1775 3486 2057 3563 narravit,
2095 3485 2153 3547 &
2182 3505 2377 3567 pauca
2404 3508 2479 3548 ex
2508 3488 2602 3550 his

541 3580 857 3640 memoriae
876 3577 1144 3654 tradidit,
1174 3576 1448 3658 mihique
1479 3575 1601 3658 ipsa
1624 3575 2060 3637 demonstravit
2082 3574 2237 3653 loca,
2258 3595 2383 3636 non
2406 3575 2601 3637 debeo

540 3664 948 3747 subterfugere
1004 3707 2603 3726 .................

541 3752 889 3816 Secundum
915 3753 1144 3831 locum,
1167 3775 1353 3835 quem
1377 3753 1526 3814 mihi
1552 3754 1624 3814 ab
1647 3774 1722 3814 eo
1747 3750 2179 3835 reprehensum
2202 3751 2384 3812 frater
2407 3751 2607 3812 osten-

541 3843 649 3920 dit,
677 3843 821 3924 quia
841 3842 1016 3904 valde
1046 3841 1300 3905 frivolus
1326 3840 1411 3904 est
1444 3842 1504 3904 &
1533 3858 1806 3924 apertam
1836 3841 1918 3903 sui
1950 3840 2191 3923 praefert
2218 3839 2608 3918 calumniam,

542 3952 768 4013 ponam
797 3933 1076 3994 breviter.
1105 3956 1129 3987 »

689 4066 754 4129 [S.
790 4064 1149 4136 HieronymuS,
1181 4063 1416 4132 Apologia
1441 4063 1699 4131 adversus
1741 4062 1892 4131 libror
1934 4063 2114 4131 Rufini,
2158 4063 2188 4118 l.
2229 4065 2269 4130 Ι,
2312 4081 2387 4116 ce.
2420 4082 2505 4128 22,
2545 4081 2606 4126 23

552 4143 780 4212 (Migne,
808 4147 944 4196 Patr.
969 4145 1083 4208 lat„
1124 4147 1324 4208 XXIII,
1348 4163 1420 4196 cc.
1447 4165 1569 4212 414,
1593 4148 1755 4212 416);
1784 4143 1851 4195 ef.
1888 4143 2089 4212 Eptstola
2117 4146 2359 4208 LXXXI,
2382 4147 2457 4195 ad
2480 4145 2611 4212 Rufi-

548 4241 663 4275 num
689 4223 855 4292 (ibid.,
879 4227 1054 4289 XXII,
1079 4242 1120 4276 c.
1154 4225 1319 4292 735).]

831 4313 871 4362 P
2301 4328 2358 4382 ¹5
