3620 5680
1454 508 1668 606 (326)
2492 526 2581 606 43

534 771 558 804 «
592 745 952 824 eruderavit,
991 767 1107 808 nec
1136 744 1323 808 latere
1361 766 1583 829 aquarn
1621 743 1816 828 passus
1860 746 1945 809 est
1988 744 2201 826 (Gen.,
2249 762 2428 822 xxvr,
2475 743 2590 825 18).

533 860 558 892 α
592 833 883 896 Tollatur
918 834 1102 916 igitur
1128 835 1322 914 ruina,
1366 850 1434 897 ut
1461 835 1587 896 vita
1626 851 1932 917 appareat,
1971 849 2287 917 promatur
2333 831 2590 916 gladius,

531 948 557 980 e
593 944 715 1004 quo
760 924 886 985 veri
937 921 1148 986 Goliae
1189 921 1487 1006 caput‘est
1529 938 1912 1004 amputatum
1956 925 2000 1002 (1
2043 921 2217 1005 Reg.,
2259 939 2418 1000 xvn,
2453 920 2589 1000 51)·:

532 1037 556 1069 ‹
591 1011 895 1091 aperiatur
924 1012 1146 1074 humus
1168 1026 1236 1073 ut
1271 1009 1421 1073 salus
1444 1010 1672 1093 fulgeat
1699 1007 1873 1090 (Isai.,
1896 1030 2045 1090 va,
2072 1011 2153 1091 8).
2194 1009 2370 1096 Quid
2404 1007 2592 1091 egisti,

533 1127 556 1158 ι
592 1099 856 1178 diabole,
898 1115 965 1161 ut
993 1099 1390 1163 absconderes
1421 1099 1676 1182 lignum,
1725 1099 1831 1161 nifi
1875 1115 1942 1162 ut
1970 1101 2190 1162 iterum
2219 1095 2588 1160 vincereris?

533 1216 556 1247 ‹
587 1189 758 1251 Vicit
781 1204 839 1250 te
863 1188 1086 1269 Maria,
1117 1211 1254 1270 quae
1273 1190 1485 1270 genuit
1515 1189 2040 1271 triumphatorem,
2071 1210 2207 1271 quae
2236 1184 2358 1248 fine
2382 1185 2589 1248 immi-

533 1305 556 1336 «
592 1278 848 1339 nutione
871 1277 1229 1360 virginitatis
1260 1276 1450 1339 edidit
1478 1297 1641 1356 eum,
1671 1276 1775 1360 qui
1800 1276 2126 1339 crucifixus
2156 1276 2426 1336 vinceret
2450 1289 2507 1335 te
2532 1273 2592 1336 &

531 1393 555 1425 «
594 1382 869 1428 mortuus
899 1365 1256 1449 subiugaret.
1303 1366 1585 1428 Vinceris
1608 1365 1668 1428 δε
1700 1366 1908 1444 hodie,
1951 1380 2019 1427 ut
2048 1364 2265 1427 mulier
2294 1379 2425 1426 tuas
2455 1361 2591 1425 infi-

531 1482 555 1513 «ι
593 1456 721 1518 dias
751 1454 1184 1536 deprehendat.
1215 1452 1328 1516 Illa
1365 1454 1527 1538 quafi
1563 1453 1764 1516 sancta
1793 1454 2145 1517 Dominum
2175 1451 2447 1536 gestavit,
2475 1472 2590 1534 ego

531 1571 555 1602 «
591 1563 837 1605 crucem
867 1544 995 1605 eius
1026 1541 1430 1626 investigabo:
1476 1542 1582 1604 illa
1609 1559 1966 1625 generatum
1996 1543 2227 1620 docuit,
2268 1563 2383 1625 ego
2414 1539 2591 1602 resus-

530 1660 555 1690 α
592 1632 877 1694 citatum:
909 1630 1014 1692 illa
1041 1631 1186 1694 fecit
1212 1649 1281 1692 ut
1304 1631 1481 1694 Deus
1513 1632 1670 1693 inter
1699 1631 1980 1693 homines
2010 1631 2339 1708 videretur,
2367 1651 2483 1712 ego
2514 1628 2587 1690 ad

530 1748 555 1778 α
592 1720 939 1782 nostrorum
956 1720 1299 1782 remedium
1316 1734 1712 1802 peccatorum
1729 1720 2007 1781 divinum
2030 1722 2104 1782 de
2123 1719 2313 1781 ruinis
2337 1716 2591 1780 elevabo

529 1835 555 1868 e
592 1808 902 1870 vexillum.
947 1834 971 1865 2
1214 1870 1219 1876 ,

611 1923 634 1954 «
686 1897 910 1978 Aperit
936 1898 1140 1980 itaque
1170 1897 1450 1975 humum,
1488 1897 1721 1959 decutit
1763 1896 2112 1979 pulverem:
2164 1895 2276 1957 tria
2319 1891 2592 1975 patibula

525 1984 772 2048 confusa
798 1987 1040 2069 reperit,
1080 2009 1216 2068 quae
1255 1987 1430 2047 ruina
1458 2000 1834 2061 contexerat,
1866 1985 2148 2047 inimicus
2179 1980 2592 2045 absconderat.

526 2074 640 2136 Sed
684 2096 810 2135 non
841 2075 1044 2156 potuit
1072 2074 1400 2137 oblitterari
1437 2072 1664 2137 Christi
1696 2074 2062 2155 triumphus.
2112 2070 2357 2134 Incerta
2385 2069 2593 2147 haeret,
2693 2072 2696 2077 '

458 2191 464 2197 ·
526 2179 595 2224 ut
625 2162 842 2223 mulier
853 2189 871 2237 3
903 2162 997 2223 sed
1029 2177 1257 2223 certam
1287 2161 1637 2243 indaginem
1669 2159 1927 2242 Spiritus
1958 2159 2193 2221 sanctus
2224 2156 2489 2240 inspirat,
2516 2178 2591 2217 eo

527 2249 692 2330 quod
741 2248 864 2310 duo
909 2249 1174 2312 latrones
1217 2271 1360 2312 cum
1405 2247 1688 2311 Domino
1734 2247 2007 2310 crucifixi
2051 2247 2291 2308 fuerint.
2349 2243 2594 2330 Quaerit

525 2358 673 2419 ergo
717 2338 990 2399 medium
1028 2337 1280 2420 lignum.
1325 2337 1439 2400 Sed
1463 2351 1722 2419 poterat
1764 2335 1897 2398 fieri
1941 2350 2009 2397 ut
2039 2334 2309 2418 patibula
2347 2335 2506 2395 inter
2536 2332 2592 2394 se

526 2425 703 2487 ruina
728 2426 1152 2506 confunderet,
1193 2427 1360 2489 casus
1391 2427 1736 2493 inverteret.
1781 2425 1971 2488 Redit
2010 2423 2082 2486 ad
2114 2421 2433 2506 Evangelij
2466 2419 2591 2483 lec-

528 2509 781 2590 tionem,
809 2513 1044 2576 invenit
1072 2515 1214 2597 quia
1240 2515 1303 2575 in
1333 2513 1540 2575 medio
1565 2512 1842 2595 patibulo
1868 2511 2149 2595 praelatus
2182 2508 2393 2572 titulus
2422 2523 2588 2571 erat:

530 2624 556 2654 «x
592 2595 751 2662 Iesus
780 2601 1164 2681 Nazarenus,
1193 2601 1329 2664 Rex
1373 2598 1725 2673 Iudaeorum
1762 2627 1786 2658 »
1844 2598 2058 2679 (Ioan.,
2099 2619 2230 2677 xlx,
2271 2609 2383 2680 19).
2425 2597 2592 2659 Hinc

525 2686 788 2749 collecta
827 2688 912 2750 est
953 2688 1126 2752 series
1163 2691 1454 2769 veritatiS,
1499 2689 1679 2751 titulo
1709 2710 1858 2752 crux
1890 2690 2086 2771 patuit
2115 2686 2401 2749 salutaris.
2446 2684 2590 2746 Hoc

527 2774 612 2837 est
640 2775 806 2859 quod
837 2779 1183 2860 petentibus
1205 2776 1427 2840 Iudaeis
1459 2775 1685 2839 Pilatus
1715 2775 2053 2859 respondit:
2089 2801 2113 2834 ‹
2148 2772 2345 2861 Quod
2372 2769 2593 2855 scripsi,

531 2887 557 2920 ‹
592 2861 790 2946 scripfi
827 2891 851 2922 2
889 2864 1088 2948 (lbid.,
1115 2876 1239 2946 22),
1273 2867 1334 2927 id
1365 2865 1468 2945 est,
1495 2886 1622 2927 non
1652 2886 1723 2927 ea
1753 2862 1975 2945 scripsi,
2017 2886 2154 2947 quae
2183 2863 2356 2925 vobis
2388 2861 2591 2943 place-

527 2967 682 3031 rent,
709 2953 807 3015 sed
838 2976 977 3036 quae
1002 2972 1147 3019 aetas
1177 2956 1379 3018 futura
1419 2952 1817 3037 cognosceret
1829 2981 1847 3029 3
1891 2975 2017 3014 non
2046 2952 2220 3015 vobis
2251 2950 2465 3033 scripsi,
2494 2950 2589 3013 sed

528 3041 882 3124 posteritati,
912 3044 1363 3127 propemodum
1391 3042 1635 3105 dicens:
1672 3041 1915 3106 Habeat
1944 3040 2185 3104 Helena
2214 3043 2378 3124 quod
2413 3039 2591 3124 legat,

527 3129 688 3192 unde
717 3152 967 3194 crucem
997 3132 1260 3197 Domini
1291 3132 1704 3214 recognoscat.

611 3243 636 3274 ‹
684 3215 928 3282 Invenit
982 3242 1130 3303 ergo
1189 3220 1458 3299 titulum,
1514 3218 1752 3302 Regem
1796 3218 2133 3296 adoravit,.
2173 3238 2301 3277 non
2354 3216 2589 3298 lignum

527 3307 759 3389 utique,
800 3308 943 3390 quia
997 3310 1097 3371 hic
1140 3308 1383 3392 gentilis
1430 3308 1515 3370 est
1543 3328 1709 3369 error
1750 3307 1810 3370 δι
1843 3307 2074 3368 vanitas
2108 3306 2461 3387 impiorum,
2491 3302 2587 3366 sed

526 3396 804 3458 adoravit
823 3397 1020 3477 illum,
1048 3400 1152 3480 qui
1175 3398 1469 3481 pependit
1490 3397 1551 3459 in
1575 3396 1764 3479 lign0,
1794 3395 2049 3477 scriptus
2073 3395 2135 3456 in
2159 3392 2371 3456 titulo:
2397 3392 2591 3471 illum,

527 3485 797 3568 inquam,
837 3486 942 3569 qui
971 3488 1120 3550 ficut
1148 3487 1470 3549 scarabaeus
1510 3485 1818 3563 clamavit,
1861 3499 1929 3546 ut
1958 3481 2444 3565 persecutoribus
2473 3480 2589 3543 suis

528 3572 703 3636 Pater
725 3592 975 3657 peccata
1003 3578 1257 3638 donaret
1286 3575 1488 3655 (LuC.,
1525 3593 1709 3653 xxm,
1749 3582 1866 3657 34).
1920 3572 2124 3634 Avida
2165 3570 2385 3632 mulier
2431 3568 2590 3631 festi-

526 3662 709 3725 nabat
756 3680 1005 3748 tangere
1051 3664 1391 3726 remedium
1440 3661 1947 3740 immortalitatis,
1992 3658 2302 3721 metuebat
2352 3657 2588 3721 calcare

527 3751 965 3815 sacramentum
998 3752 1218 3816 salutis.
1271 3753 1448 3816 Laeto
1479 3753 1668 3813 corde
1698 3750 1758 3813 δε
1781 3748 2111 3831 trepidanti
2137 3745 2411 3830 vestigio,
2440 3747 2584 3829 quid

528 3841 754 3903 faceret
784 3840 1100 3904 nesciebat.
1131 3840 1440 3903 Pertendit
1475 3856 1678 3903 tamen
1710 3842 1780 3901 ad
1808 3837 2013 3900 cubile
2035 3836 2323 3913 veritatis,
2353 3834 2585 3918 lignum

528 3927 773 4009 refulfit,
814 3930 874 3993 δε
900 3932 1094 4013 gratia
1122 3930 1355 3992 micuit.
1409 3927 1492 3990 Et
1536 3928 1681 4010 quia
1721 3928 1845 3989 iam
1883 3927 2201 3990 foeminam
2251 3924 2590 3987 visitaverat

530 4018 804 4083 Christus
834 4021 896 4081 in
939 4019 1166 4098 Maria,
1205 4018 1463 4100 Spiritus
1506 4018 1566 4079 in
1596 4015 1840 4078 Helena
1867 4012 2156 4078 visitavit:
2201 4014 2415 4076 docuit
2455 4034 2589 4075 eam

530 4109 695 4194 quod
739 4107 957 4170 mulier
996 4107 1336 4191 ignorabat,
1382 4107 1441 4169 δε
1471 4105 1724 4167 deduxit
1764 4105 1828 4166 in
1858 4104 2044 4182 viam,
2087 4122 2272 4185 quam
2314 4100 2588 4164 mortalis

531 4198 675 4278 scire
702 4219 828 4259 non
860 4212 1114 4281 poterat.

617 4313 641 4346 ‹
694 4283 995 4372 Quaefivit
1060 4286 1287 4366 clavos,
1354 4284 1575 4368 quibus
1636 4279 1962 4345 crucifixus
2021 4278 2106 4342 est
2153 4279 2483 4357 DominuS,
2530 4277 2590 4340 δε
