3620 5680
90 2634 121 2677 f.
148 2632 323 2694 25ob‚
355 2634 449 2679 col.
485 2648 499 2678 1

1445 518 1657 616 (417)
2466 539 2593 620 137

531 755 862 838 suspicione
880 758 1122 821 ducitur
1139 756 1200 819 δε
1217 758 1592 840 prescrutans
1607 757 1928 835 continu0,
1944 756 2221 819 absconsa
2236 780 2355 841 que
2369 779 2593 842 reppu-

530 846 677 909 lerat
715 846 953 909 invenit
994 846 1053 909 &
1095 846 1332 908 sumens
1379 844 1550 907 cursu
1583 844 1949 927 rapidiffimo
1980 845 2213 909 sanaos
2243 847 2593 931 insequitur.

531 938 632 999 Set
660 957 803 998 cum
833 937 954 997 iam
982 936 1064 1019 hij
1096 935 1348 997 flumine
1382 934 1751 996 ”transmeato
1782 935 2169 1013 haberentur,
2201 938 2479 1017 pervenit
2518 939 2591 1000 ad

531 1023 671 1088 litus
694 1026 755 1089 δε
781 1027 1130 1090 exclamans
1160 1025 1345 1087 dixit:
1392 1050 1418 1081 α
1457 1024 1637 1105 Rogo
1670 1025 1818 1106 quid
1850 1025 1996 1085 mihi
2029 1025 2149 1086 hoc
2170 1046 2295 1087 non
2331 1026 2596 1089 neceffa-

535 1140 559 1172 <x
594 1115 752 1177 rium
782 1118 843 1178 in
874 1115 1016 1179 loco
1044 1115 1277 1177 deserto
1319 1112 1723 1195 relinquistis?
1770 1110 1966 1199 Quod
1998 1111 2040 1173 fi
2068 1115 2292 1176 habere
2322 1117 2595 1196 voluere,

535 1229 559 1260 «
597 1204 905 1266 latronum
945 1202 1218 1287 pericula
1247 1201 1540 1266 sustinebo
1577 1226 1625 1262 ».
1671 1200 1755 1264 Et
1784 1202 2115 1263 beatiffima
2144 1203 2217 1265 ad
2250 1226 2422 1266 eum:
2472 1232 2498 1263 α
2534 1208 2593 1269 Si

537 1320 559 1349 «
599 1293 816 1375 placet,
845 1295 987 1358 iube
1011 1291 1151 1355 dare
1174 1291 1572 1374 pauperibus3
1596 1312 1804 1352 meum
1835 1291 2002 1353 enim
2033 1307 2247 1353 votum
2281 1294 2596 1358 Dominus

536 1408 560 1439 «
597 1383 851 1465 implere
881 1384 1161 1467 dignatus
1200 1379 1285 1441 est
1319 1404 1366 1441 ».
1404 1379 1487 1441 Et
1515 1379 1616 1442 ille
1648 1379 1831 1442 dixit:
1881 1404 1905 1435 «
1941 1378 2024 1441 Et
2052 1402 2176 1463 quo
2208 1381 2331 1459 ib0,
2366 1384 2463 1445 vel
2492 1385 2596 1447 ubi

536 1496 560 1527 (ι
596 1472 903 1554 requiram
947 1489 1261 1553 paupereS,
1302 1489 1639 1552 numquam
1677 1491 1710 1531 a
1739 1469 1973 1532 deserto
1996 1472 2322 1535 recedens?
2366 1473 2450 1535 set
2491 1472 2598 1555 ipsi

536 1585 561 1616 «
598 1559 790 1642 magis
833 1557 1218 1639 recipientes,
1248 1556 1378 1619 aliis
1425 1558 1564 1619 dare
1607 1559 1942 1641 dignamini
1988 1584 2049 1621 ».·
2069 1559 2173 1622 Set
2204 1583 2393 1642 quum
2424 1561 2597 1623 nullo

534 1648 717 1729 pad'tu
745 1667 861 1708 nec
891 1645 999 1707 ista
1026 1648 1297 1728 recipere
1329 1645 1509 1707 semel
1540 1648 1677 1709 data
1710 1644 2009 1727 voluisset,
2036 1669 2152 1710 nec
2182 1648 2285 1711 ille
2316 1648 2600 1731 potuisset

531 1735 760 1797 flumen
792 1733 1052 1812 tranfire,
1085 1736 1428 1816 pecuniam,
1458 1756 1643 1818 quam
1666 1736 1729 1796 in
1752 1757 1937 1798 manu
1967 1738 2231 1814 tenebat,
2262 1739 2600 1820 proiectam

534 1823 594 1886 in
635 1823 938 1906 profundo
985 1821 1255 1885 fluminis
1298 1822 1512 1885 mers1t.
1554 1822 1970 1886 Plurimorum
2016 1840 2220 1887 autem
2259 1829 2599 1889 monacho-

532 1933 670 1975 rum
702 1912 761 1974 &
788 1911 1095 1993 virginum
1126 1910 1768 1993 acciperenolentium
1791 1913 1947 1975 hanc
1972 1913 2278 1977 occultam
2309 1914 2603 1979 offerebat

533 2001 929 2063 oblationem.
986 1999 1201 2061 Tanto
1253 2000 1418 2062 enim
1469 1997 1763 2063 defiderio
1815 2003 2305 2065 accendebantur
2355 2005 2484 2089 (fic)
2534 2022 2603 2067 ut

535 2110 748 2153 omnes
791 2109 948 2171 quos
989 2087 1221 2149 viderat
1261 2109 1339 2149 ex
1384 2089 1514 2150 eius
1557 2090 1710 2152 datis
1742 2092 2103 2172 acciperent.
2149 2090 2389 2154 Sciebat
2437 2094 2601 2155 enim

535 2198 611 2238 ex
638 2179 758 2240 hoc
788 2198 976 2261 opere
1005 2198 1131 2238 non
1165 2196 1418 2258 parvum
1449 2176 1689 2239 lucrum
1719 2178 1921 2240 anime
1950 2177 2047 2240 sue
2081 2178 2369 2242 futurum.

619 2292 645 2324 «
689 2266 1161 2329 Circumeuntes
1200 2285 1343 2348 ergo
1386 2265 1662 2348 Egyptum
1689 2267 1946 2339 veniunt
1973 2266 2381 2331 Alexandriam
2412 2270 2470 2332 &
2500 2267 2602 2332 ilic

538 2351 844 2417 vifitantes
895 2352 1123 2416 multos
1165 2352 1531 2432 sancitorum,
1572 2355 1634 2415 in
1678 2355 1900 2437 quibus
1937 2371 2110 2418 erant
2138 2356 2255 2417 viri
2295 2356 2601 2420 mirabiles

536 2439 1134 2506 Tabenenfiotarum
1183 2442 1607 2504 arcimandrite
1637 2442 1696 2504 &
1728 2442 1871 2505 Deo
1910 2443 2077 2526 digni
2108 2443 2420 2525 presbiteri
2454 2447 2604 2509 Vic-

537 2549 634 2594 tor
655 2531 714 2594 &
736 2529 992 2614 Eugites
1016 2531 1075 2592 &
1098 2529 1267 2594 Elias
1291 2530 1351 2593 &
1374 2533 1623 2613 quidam
1650 2531 1886 2595 sandius
1918 2530 2227 2614 prespiter,
2248 2535 2321 2596 ab
2344 2534 2604 2597 Alexan·

537 2617 691 2698 dria,
720 2620 1035 2683 festinabat
1070 2621 1237 2681 enim
1266 2621 1381 2681 hec
1404 2642 1438 2681 a
1462 2617 1707 2702 singulis
1734 2620 2074 2683 sanaorum
2100 2621 2394 2686 fructibus
2419 2625 2604 2687 bene-

537 2709 825 2771 diffionis
863 2708 966 2770 fibi
1007 2728 1395 2791 congregare,
1437 2709 1862 2791 ingrediuntur
1899 2710 2085 2771 etiam
2127 2709 2186 2772 ὅτ
2227 2711 2291 2771 in
2337 2711 2604 2776 Nitriam

537 2798 612 2860 ad
656 2819 725 2860 ea
765 2796 902 2861 loca
940 2818 1060 2881 que
1105 2796 1491 2881 appellantur
1519 2796 1793 2877 Cellaria,
1832 2796 1892 2860 ὅτ
1932 2796 2187 2862 mirifice
2225 2799 2490 2884 suscepta
2521 2803 2606 2865 est

536 2908 574 2947 a
602 2885 817 2951 sand’tis
859 2889 1131 2970 patribus
1179 2888 1283 2971 qui
1316 2888 1544 2949 ibidem
1583 2903 1770 2966 erant,
1807 2886 1951 2970 quia
1993 2885 2225 2948 vililem
2270 2889 2400 2974 (stc)
2445 2893 2503 2953 in
2536 2915 2607 2954 ea

541 2976 948 3057 providebant
986 2976 1237 3054 sensum,
1266 2972 1326 3039 &
1356 2974 1572 3039 manfit
1609 2992 1756 3058 aput
1784 2997 1890 3038 eos
1934 2976 2147 3037 diebus
2176 2975 2521 3060 aliquantis,
2548 2981 2607 3044 &

538 3065 888 3147 congregati
941 3062 1114 3126 fimul
1158 3063 1341 3126 samsti
1393 3079 1588 3145 patres
1636 3062 2183 3146 benedicentesque
2232 3086 2367 3126 eam
2412 3069 2605 3131 dedu-

536 3167 757 3214 xerunt
818 3174 960 3214 cum
1007 3173 1156 3234 pace
1200 3152 1368 3214 velut
1412 3152 1830 3214 sancitiffimam
1880 3153 1939 3216 ὅτ
1986 3154 2298 3234 propriam
2349 3171 2607 3218 matrem

537 3239 720 3302 suam.

632 3355 658 3388 ‹
682 3331 995 3393 Revertun
1004 3346 1102 3393 tur
1115 3330 1338 3392 iterum
1355 3330 1993 3480 Iherogolimam,multo
2006 3331 2215 3394 labore
2231 3334 2610 3416 vent[or]um

539 3419 1072 3500 intemperantiam
1107 3417 1471 3482 sustinentes.
1563 3435 1586 3482 t
1613 3421 1864 3483 veniens
1903 3421 2135 3483 invenit
2175 3420 2436 3483 sanstam
2477 3445 2608 3484 ma-

539 3524 701 3571 trem
731 3507 894 3569 suam
925 3507 1125 3570 feciffe
1155 3507 1211 3568 ei
1241 3507 1527 3569 cellulam
1565 3509 1625 3571 in
1656 3509 1862 3572 Monte
1891 3508 2094 3572 sancito
2128 3508 2364 3589 oliveti,
2394 3511 2612 3573 intrin-

539 3593 709 3657 secus
753 3593 1163 3657 construt‘stam
1206 3595 1459 3673 saxibus,
1494 3593 1644 3658 ficut
1673 3597 1796 3678 ipsa
1827 3597 2080 3679 petierat
2101 3613 2170 3660 ut
2188 3597 2378 3677 fieret,
2408 3599 2468 3660 in
2491 3618 2613 3679 qua

542 3674 737 3765 posset
765 3704 908 3745 cum
940 3681 1177 3745 silentio
1201 3684 1491 3747 habitare.

627 3797 653 3829 ‹<
702 3771 866 3853 Ergo
899 3771 1033 3854 post
1060 3772 1323 3834 sancitam
1363 3772 1775 3856 Epiphaniam
1808 3774 2134 3838 ascendens
2164 3774 2611 3856 ingrediebatur

540 3860 606 3920 in
637 3859 922 3922 cellulam
952 3860 1012 3922 &
1040 3861 1240 3922 clausa
1272 3860 1456 3944 usque
1480 3862 1552 3922 ad
1578 3861 1742 3924 diem
1765 3861 1987 3925 Pasche
2011 3863 2072 3924 in
2091 3862 2296 3925 cilicio
2321 3862 2380 3925 ὅτ
2406 3864 2610 3924 cinere

541 3948 604 4010 δι
635 3948 864 4030 ingenti
896 3947 1253 4013 abstinentia
1275 3950 1660 4030 perdurabat,
1675 3951 1904 4014 habens
1935 3951 2138 4013 secum
2167 3972 2352 4013 unam
2375 3967 2611 4014 tantum

544 4035 814 4119 puellam
845 4052 1100 4118 propter
1138 4037 1516 4120 obsequium,
1547 4037 1790 4101 sabbato
1823 4039 1883 4102 &
1911 4041 2226 4103 dominico
2267 4040 2371 4102 die
2403 4040 2610 4102 cibum

543 4121 872 4203 summenS,
900 4127 1211 4188 neminem
1233 4126 1467 4204 videnS,
1496 4127 1808 4189 neminem
1838 4127 2159 4210 suscipiens
2187 4127 2294 4190 nis1
2326 4129 2608 4211 tantu[m]

547 4209 815 4274 sanaam
846 4230 1103 4276 matrem
1135 4214 1298 4277 suam
1329 4214 1389 4278 &
1419 4216 1668 4278 fratrem
1699 4216 1889 4295 suum,
1940 4217 1999 4279 ὅτ
2027 4218 2121 4280 his
2150 4217 2333 4279 certis
2364 4239 2611 4300 quoque

548 4297 787 4363 diebus.
815 4300 967 4364 Erat
995 4318 1200 4365 autem
1225 4305 1472 4385 quando
1496 4304 1556 4366 &
1576 4320 1829 4386 neptam
1851 4304 2013 4367 suam
2040 4304 2288 4367 Paulam
2310 4306 2612 4387 virginem

831 4400 874 4458 P
2334 4408 2392 4458 18
