3620 5680
995 500 1089 574 60
1842 503 2231 598 (355-358)

1081 751 1105 784 ‹
1129 724 1449 809 Scythopolis
1477 740 1681 788 autem
1711 725 1852 787 urbs
1880 724 1965 788 est
1995 726 2319 810 Palaestinae
2347 726 2587 809 insignis
2617 728 2679 789 in
2710 728 2874 790 tribu
2912 728 3056 791 Ma-

996 812 1153 877 nass'e
1204 812 1410 895 posita,
1440 836 1575 896 quae
1604 813 1723 876 alio
1752 816 2006 876 nomine
2033 814 2280 902 Bethsan
2309 831 2584 894 vocatur,
2621 837 2808 898 quam
2853 816 3058 899 Scrip-

997 920 1128 965 tura
1185 901 1390 964 divina
1436 903 1834 985 cognominat
1890 903 2145 964 domum
2196 904 2262 966 N
2265 906 2445 981 icam,
2517 904 2683 986 quod
2742 908 2805 967 in
2854 906 3058 968 nostra

999 994 1205 1074 lingua
1241 990 1460 1053 domus
1491 991 1885 1052 inimicorum
1916 991 2169 1054 dicitur:
2219 993 2375 1054 hanc
2419 1008 2622 1054 autem
2671 1014 2797 1055 non
2850 995 3057 1075 potuit

1001 1077 1329 1158 Manasses,
1358 1079 1417 1140 id
1440 1079 1524 1140 est
1554 1079 1816 1161 populus
1845 1077 2023 1141 Israel
2045 1081 2422 1159 haereditare,
2445 1077 2596 1143 ficut
2618 1083 2682 1143 in
2706 1081 2861 1144 libro
2888 1080 3059 1144 Iudi-

1000 1188 1143 1231 cum
1167 1169 1420 1233 dicitur:
1452 1194 1588 1254 quae
1616 1172 1800 1232 etiam
1825 1171 1967 1233 urbs
1991 1167 2075 1232 est
2104 1171 2483 1253 Scytharum,
2510 1191 2655 1231 nam
2686 1170 2926 1253 Scythae
2949 1172 3063 1233 ali-

1001 1260 1247 1341 quando
1266 1259 1550 1321 bellando
1577 1261 1845 1342 undique
1863 1260 2044 1341 longe
2068 1258 2330 1341 lateque,
2348 1258 2784 1342 AEgyptiorum
2806 1281 3063 1342 regnum

1002 1348 1204 1431 egressi
1253 1348 1658 1431 cunetamque
1689 1370 1845 1430 pene
1878 1345 2084 1409 Afiam
2115 1365 2410 1425 tenentes,
2451 1349 2609 1410 hanc
2658 1348 3067 1410 condiderunt

1004 1439 1255 1514 urbem3
1284 1436 1368 1499 est
1388 1438 1571 1500 etiam
1596 1437 1978 1518 metropolis,
2000 1435 2148 1498 ficut
2177 1438 2237 1498 in
2262 1436 2481 1498 eodem
2506 1436 2662 1498 libro
2688 1435 2928 1519 legitur.
2960 1437 3059 1498 Ad

1001 1529 1160 1588 hanc
1208 1548 1355 1607 ergo
1401 1527 1615 1587 urbem
1661 1547 1801 1587 cum
1853 1527 2037 1587 exilio
2080 1525 2410 1606 perductus
2460 1522 2621 1604 esset,
2671 1541 2739 1588 ut
2787 1525 3073 1604 diximuS,

1005 1616 1215 1678 beatus
1252 1614 1564 1692 Eusebius,
1610 1636 1796 1677 cavea
1848 1613 2228 1691 constrictus,
2271 1614 2415 1676 licet
2458 1636 2582 1674 non
2627 1613 3069 1676 delectabiliter

1005 1703 1060 1766 se
1085 1726 1334 1765 movere
1376 1701 1676 1785 potuisset,
1708 1719 1908 1764 tamen
1941 1718 2176 1764 vertere
2208 1703 2264 1763 se
2294 1702 2353 1764 δε
2383 1703 2860 1784 circumquaque
2902 1702 3070 1785 pros-

1006 1793 1210 1874 picere
1236 1808 1502 1874 poterat:
1536 1793 1700 1873 quod
1733 1807 2053 1853 cernentes
2078 1792 2311 1869 Ariani,
2330 1793 2472 1853 inde
2496 1813 2635 1852 eum
2661 1790 3078 1854 abstraxerunt

1006 1879 1065 1942 &
1096 1881 1155 1941 in
1181 1881 1426 1964 angusta
1455 1882 1641 1943 domo
1673 1879 2031 1957 clauserunt,
2053 1880 2156 1940 ubi
2189 1879 2451 1941 clausum
2477 1880 2828 1958 retinentes,
2850 1880 3072 1941 abstra-

1005 1986 1226 2031 xerunt
1255 1970 1328 2030 ab
1359 1991 1433 2030 eo
1464 1970 1746 2031 ciborum
1776 1984 1959 2051 atque
1993 1985 2172 2049 potus
2203 1969 2467 2050 copiam,
2496 1969 2579 2029 ita
2609 1984 2676 2030 ut
2704 1990 2812 2050 per
2844 1968 3070 2031 multos

1006 2058 1132 2119 dies
1183 2057 1446 2119 inediam
1491 2073 1820 2138 pateretur,
1871 2056 1930 2118 δι
1972 2079 2125 2138 pene
2163 2056 2580 2118 dissolveretur
2626 2057 2799 2119 famis
2850 2058 3074 2139 inopia.

1006 2146 1198 2207 Tunc
1244 2143 1471 2227 scripfit
1522 2145 1744 2207 librum
1787 2147 1861 2206 ad
1908 2144 2333 2227 Patrophilum
2374 2144 2726 2206 custodem:
2779 2170 2803 2203 ‹
2855 2145 3078 2208 Servus

1013 2257 1041 2295 «
1071 2233 1192 2296 Dei
1226 2233 1521 2296 Eusebius
1573 2255 1715 2296 cum
1765 2233 2065 2296 conservis
2116 2233 2251 2311 suis,
2285 2233 2638 2315 Patrophilo
2669 2232 2903 2295 custodi
2936 2253 3078 2295 cum

1015 2350 1039 2381 «
1071 2324 1203 2385 suis.
1240 2322 1604 2404 Rapuerunt
1627 2344 1725 2384 me
1749 2323 2204 2400 Arriomanitae,
2233 2321 2292 2384 &
2315 2323 2374 2383 vi
2400 2321 2736 2383 multorum
2765 2323 2958 2383 nimio
2986 2322 3081 2382 fu-

1017 2439 1040 2469 «
1068 2433 1209 2473 rore
1230 2412 1459 2472 nudato
1484 2431 1743 2492 corpore
1768 2432 1867 2472 me
1891 2410 2171 2492 supinum
2197 2411 2271 2471 de
2295 2431 2480 2472 cavea
2497 2409 2807 2492 hospitioli
2833 2430 2939 2491 per
2962 2426 3082 2472 ter-

1018 2526 1041 2557 «
1073 2520 1202 2562 ram
1226 2514 1559 2577 traxerunt,
1576 2519 1797 2580 meque
1822 2499 1884 2560 in
1906 2497 2166 2581 hospitio
2189 2497 2308 2560 alio
2335 2497 2604 2559 clausum
2630 2514 2859 2577 tenent,
2882 2519 3082 2580 neque

1019 2615 1043 2646 «
1074 2607 1296 2669 panem
1325 2587 1835 2648 manducaturum
1866 2608 2066 2668 neque
2089 2607 2312 2668 aquam
2337 2585 2674 2648 bibiturum
2699 2585 3084 2667 profitentur,

1019 2703 1043 2734 «
1073 2674 1385 2758 quousque
1415 2673 1789 2736 consentiam
1819 2674 1970 2736 illis:
2002 2695 2187 2757 quare
2210 2689 2629 2756 opportunum
2653 2674 2737 2735 est
2761 2674 2912 2735 mihi
2945 2690 3085 2736 ante

1020 2792 1044 2823 «
1075 2765 1150 2825 de
1179 2784 1441 2844 corpore
1471 2764 1656 2842 exire,
1687 2784 1873 2847 quam
1905 2762 2011 2823 ista
2041 2761 2395 2824 consentire.
2441 2762 2667 2824 Videte
2697 2764 2842 2845 quia
2870 2779 3088 2825 contra

1021 2882 1044 2913 «
1076 2856 1166 2915 ius
1188 2853 1464 2913 divinum
1485 2873 1554 2913 ac
1580 2852 1897 2933 publicum
1920 2849 2330 2928 commisistis3
2362 2853 2483 2912 iam
2507 2852 2641 2913 sunt
2663 2853 2827 2913 enim
2854 2852 3082 2934 septem

1021 2970 1047 3002 ‹
1076 2943 1226 3020 dies,
1267 2940 1326 3002 &
1375 2939 1480 3002 nifi
1523 2941 1643 3001 hoc
1693 2941 2178 3019 emendaveritis,
2208 2942 2372 3002 eritis
2409 2940 2621 3022 procul
2654 2941 2842 3002 dubio
2873 2942 3079 3002 homi-

1020 3056 1047 3088 «
1078 3031 1248 3091 cidae.
1277 3054 1299 3084 »
1338 3027 1821 3115 Quartadecima
1850 3028 1947 3089 die
1976 3029 2178 3111 igitur,
2209 3026 2672 3109 superveniente
2704 3026 3085 3110 Patrophi10,

1018 3140 1161 3182 cum
1216 3118 1331 3180 suis
1383 3114 1703 3179 confilium
1753 3118 1984 3194 inienS,
2046 3117 2301 3199 mitigati
2367 3116 2487 3177 hoc
2537 3114 2784 3194 libello,
2853 3117 2914 3178 in
2967 3116 3087 3178 alio

1020 3207 1215 3270 rursus
1244 3228 1386 3268 eum
1423 3206 1682 3287 hospitio
1711 3221 2095 3286 receperunt,
2140 3204 2561 3285 permittentes
2611 3202 2781 3286 loqui
2836 3226 2978 3266 cum
3012 3227 3086 3267 eo

1022 3297 1125 3380 qui
1169 3310 1459 3358 venerant
1504 3295 1693 3376 gratia
1734 3291 2119 3356 visitationis:
2171 3292 2230 3354 δι
2259 3295 2380 3353 hoc
2424 3314 2548 3354 non
2591 3293 2714 3355 diu.
2770 3289 3086 3374 Vigefimo

1022 3387 1237 3469 quinto
1268 3384 1365 3446 die
1396 3399 1726 3464 erumpunt
1755 3382 1982 3461 denu0,
2010 3382 2068 3445 &
2109 3382 2322 3443 armati
2378 3381 2626 3443 fustibus
2671 3382 2744 3442 ad
2789 3402 2932 3442 eum
2983 3403 3088 3443 ve·
3155 3463 3160 3468 Ι

1020 3496 1164 3539 nere
1188 3475 1247 3536 in
1271 3473 1553 3553 hospiti0,
1576 3493 1840 3553 eumque
1865 3472 2185 3553 rapientes,
2208 3474 2269 3532 in
2295 3470 2620 3553 angustiori
2644 3490 2888 3531 carcere
2914 3491 3086 3531 man-

1023 3564 1208 3647 cipati
1238 3561 1399 3637 sunt3
1450 3561 1676 3642 talique
1733 3560 2031 3643 ergastulo
2075 3581 2217 3621 eum
2263 3557 2653 3635 recluserunt,
2682 3573 2749 3618 ut
2798 3554 2942 3619 efl'et
2981 3558 3088 3620 illo

1026 3653 1268 3715 brevior
1317 3648 1545 3730 illoque
1587 3648 1647 3709 in
1703 3646 2022 3710 latitudine
2065 3648 2401 3730 angustior,
2445 3648 2527 3709 ita
2571 3664 2637 3709 ut
2680 3668 2879 3730 genua
2929 3644 3090 3707 illius

1026 3761 1210 3804 curva
1276 3736 1461 3820 pedes
1528 3737 1915 3798 extendendo
1987 3738 2241 3798 minime
2301 3737 2505 3798 videre
2579 3736 2714 3798 suos
2783 3730 3092 3815 potuiffet3

1026 3843 1212 3909 caput
1258 3849 1405 3889 vero
1457 3828 1542 3889 ita
1597 3825 1858 3908 pressum
1908 3826 2034 3909 ipso
2092 3824 2387 3908 ergastulo
2437 3823 2718 3902 habebat,
2778 3838 2843 3884 ut
2892 3820 3091 3883 nulla-

1028 3933 1204 3979 tenus
1289 3915 1520 3979 coelum
1592 3914 1888 3998 respicere
1963 3913 2245 3997 potuisset
2268 3941 2287 3990 3
2356 3914 2646 3975 humeros
2716 3926 2922 3973 autem
2995 3908 3092 3970 vel

1027 4005 1268 4069 cubitos
1310 4007 1563 4068 minime
1593 4027 1844 4068 movere
1876 4020 2133 4086 poterat,
2177 4000 2513 4063 immobilis
2552 4015 2791 4062 tantum
2821 4018 3093 4076 manens,

1030 4095 1110 4173 δε,
1152 4095 1259 4157 nifi
1297 4095 1684 4178 Angelorum
1713 4093 2050 4156 visrtatione
2101 4094 2430 4166 foveretur,
2478 4090 2818 4150 humanum
2866 4106 3092 4167 corpus

1029 4186 1186 4246 hanc
1218 4184 1496 4245 iniuriam
1546 4200 1638 4245 tot
1668 4183 1881 4245 diebus
1921 4184 2074 4244 ferre
2106 4181 2360 4241 minime
2388 4175 2682 4240 valuisset.
2727 4174 2843 4238 Sed
2889 4175 3092 4236 omni-

1033 4289 1251 4355 potens
1281 4271 1477 4351 Deus,
1522 4274 1627 4357 qui
1657 4269 1876 4334 Ionam
1906 4270 2270 4353 prophetam
2315 4268 2375 4329 in
2406 4282 2615 4329 ventre
2659 4264 2779 4327 ceti
2819 4262 3097 4341 servavit,
