3620 5680
1455 512 1664 616 (405)
2465 533 2593 616 110

545 755 777 831 (Migne,
803 763 941 812 Patr.
974 758 1085 825 lat„
1112 761 1363 822 XXXIII,
1388 776 1428 810 c.
1456 759 1610 827 276),
1638 759 1670 811 s.
1692 758 2054 829 Hieronymus,
2083 758 2286 828 Eptstola
2315 762 2599 824 CXXXIV,
2677 773 2683 779 ·

541 841 676 910 ads
705 840 1018 909 Augustinum
1043 840 1270 907 (Migne,
1300 842 1438 891 Patr.
1469 839 1585 903 lat.,·
1600 840 1772 903 XXII,
1794 856 1837 890 c.
1872 837 2072 907 1162).]

236 994 304 1039 C·
349 989 508 1068 405
546 984 974 1052 ANONYMUS
1033 981 1298 1070 (Firmus
1358 1006 1463 1049 aut
1505 982 1844 1073 Cyprianus
1876 978 1953 1070 Ξ)
2010 985 2113 1071 qui
2145 985 2210 1075 s.
2264 985 2599 1074 <Augustini

539 1090 847 1183 epistolam
866 1091 930 1180 s.
965 1090 1331 1178 Hieronymo
1367 1089 1593 1156 attulit.
1653 1101 1807 1166 (¹39)

621 1241 646 1273 ι
682 1212 1058 1299 Iampridem
1087 1230 1207 1277 tuae
1235 1216 1470 1277 caritati
1497 1214 1794 1297 prolixam
1826 1214 2140 1295 epistolam
2171 1214 2321 1294 mifi,
2349 1215 2596 1297 respon-

538 1304 685 1367 dens
714 1304 804 1366 illi
834 1321 954 1367 tuae
982 1326 1166 1387 quam
1199 1326 1305 1385 per
1335 1303 1606 1366 sancium
1634 1302 1830 1365 filium
1861 1319 2033 1364 tuum
2066 1304 2393 1383 Asterium,
2432 1326 2596 1367 nunc

538 1392 660 1453 iam
683 1414 808 1454 non
836 1392 1027 1453 solum
1058 1394 1327 1470 fratrem,
1357 1413 1570 1453 verum
1594 1393 1777 1453 etiam
1802 1390 2107 1473 collegam
2129 1414 2357 1470 meum,
2386 1391 2597 1455 mififfe

539 1496 598 1541 te
628 1480 846 1543 recolis
878 1526 1166 1543 .......
1188 1527 1214 1561 θ.
1262 1479 1416 1543 Satis
1457 1501 1575 1557 me,
1624 1482 1750 1541 imo
1794 1478 2034 1541 fortaffe
2063 1480 2198 1563 plus
2228 1503 2412 1563 quam
2442 1481 2598 1559 satiS,

541 1569 727 1632 tribus
775 1568 1040 1651 epistolis
1090 1570 1207 1632 tuis
1257 1566 1620 1650 respondiffe
1656 1569 1912 1630 arbitror
1923 1596 1940 1643 3
1990 1591 2247 1651 quarum
2300 1572 2447 1633 duas
2493 1591 2599 1652 per

539 1659 937 1742 Cyprianum,
966 1679 1150 1719 unam
1180 1679 1288 1739 per
1318 1656 1597 1719 Firmum
1628 1658 1856 1738 accepi.
1894 1682 1919 1713 2

677 1796 744 1860 [S.
777 1794 1112 1862 AugustinuS‚
1142 1793 1345 1861 Epistola
1374 1794 1642 1857 LXXXII,
1667 1792 1807 1860 ads.
1834 1792 2172 1861 Hieronymum
2199 1793 2423 1863 (Migne,
2453 1796 2593 1846 Patr.

537 1873 644 1939 lat,
668 1875 921 1938 XXXIII,
944 1890 1023 1925 cc.
1057 1878 1176 1939 276,
1205 1872 1368 1942 291).]

208 2045 282 2090 e.
332 2042 505 2119 405
543 2025 647 2094 ⁸²8.
683 2024 1120 2111 TURRIBIUS,
1169 2028 1563 2118 04storicenfis
1598 2008 1925 2117 episcopus.
1984 2039 2138 2104 (¹40)

622 2188 646 2219 «
696 2160 793 2223 Ex
842 2160 1122 2224 Gallaecia
1165 2161 1477 2248 Hispanias
1520 2160 1840 2241 provincia
1888 2162 2201 2240 oriundus,
2249 2161 2597 2240 Turribius,

540 2250 800 2333 paternis
825 2251 1044 2332 opibus
1075 2250 1135 2310 in
1163 2271 1458 2332 pauperes
1482 2250 1763 2331 erogatis,
1792 2249 2242 2338 Hierosolymam
2268 2251 2597 2333 profectuS,

538 2360 571 2399 a
595 2339 936 2419 patriarcha
963 2337 1479 2427 Hierosolymorum
1512 2336 1907 2419 reliquiarum
1924 2339 2259 2400 custodiam
2280 2360 2387 2421 per
2417 2339 2597 2421 quin-

537 2428 872 2510 quennium
917 2428 1128 2489 tenuit.
1178 2428 1554 2489 Admonitus
1593 2426 1666 2488 ab
1704 2425 1921 2509 angelo
1968 2427 2136 2489 brevi
2177 2428 2307 2488 fore
2351 2445 2419 2489 ut
2446 2429 2597 2489 civi-

539 2533 626 2579 tas
656 2516 729 2578 ab
760 2514 1106 2579 infidelibus
1151 2533 1491 2598 caperetur,
1529 2537 1598 2577 ac
1630 2517 1890 2598 proinde
1921 2516 2085 2578 sacra
2115 2539 2374 2599 quaeque
2406 2516 2597 2599 poffet

537 2624 736 2668 rerum
767 2608 829 2665 in
854 2606 1111 2685 patriam
1141 2604 1487 2685 asportaret,
1517 2605 1587 2664 ad
1617 2621 1862 2685 portum
1894 2607 2223 2686 quemdam
2254 2608 2411 2668 inter
2447 2607 2598 2669 Gal-

537 2694 755 2755 laeciam
790 2692 848 2755 &
878 2692 1105 2777 Astures
1135 2694 1414 2775 prospera
1453 2693 1841 2774 navigatione
1873 2695 2127 2772 delatus,
2176 2695 2335 2775 apud
2362 2696 2596 2757 sacrum

537 2797 813 2843 montem
859 2780 1209 2844 constru&0
1249 2780 1487 2859 sacello,
1536 2781 1701 2863 quod
1732 2802 1897 2844 nunc
1928 2783 1980 2844 S.
2011 2782 2238 2846 Maria
2266 2785 2332 2846 de
2360 2783 2597 2847 Monte-

539 2869 712 2932 Sacro
756 2869 1114 2952 appellatur,
1157 2888 1394 2953 partem
1424 2869 1818 2952 reliquiarum
1863 2893 2011 2954 quas
2053 2872 2358 2952 attulerat,
2397 2873 2595 2935 collo-

534 2974 695 3021 cavit
723 3005 1012 3021 .......
1036 2984 1060 3014 ›>
2359 2972 2368 2981 ‘

677 3085 1028 3150 [Breviarium
1054 3085 1347 3153 Astoricense
1371 3096 1522 3137 «vetus
1542 3083 1608 3153 (F
1613 3052 1761 3149 lorez,
1788 3085 1995 3154 Espafta
2004 3086 2266 3154 sagrada,
2294 3089 2429 3151 XVI,
2458 3088 2593 3153 365).

535 3165 624 3296 {fi
655 3167 758 3259 A'A.
784 3167 874 3315 gs]
895 3166 1032 3229 BolL,
1073 3170 1130 3217 16
1159 3183 1291 3234 apr.,
1326 3167 1392 3230 11,
1434 3183 1562 3230 4223
1599 3167 1782 3230 Ganos,
1827 3165 2310 3234 Kirchengfihichte
2345 3166 2597 3235 spaniens,
2641 3170 2650 3175 “

589 3283 606 3310 2
639 3263 682 3310 ¹2
710 3263 774 3308 47
837 3284 848 3296 ·

618 3391 644 3422 e
695 3363 897 3427 Divus
939 3381 1144 3427 autem
1186 3364 1490 3429 Turibius
1539 3367 1875 3429 innumeris
1924 3365 2143 3428 claruit
2185 3366 2493 3429 miraculis
2536 3367 2596 3429 &

529 3452 914 3516 christianam
959 3453 1322 3536 religionem
1367 3476 1437 3516 ac
1465 3453 1650 3517 fidem
1690 3453 2058 3517 catholicam
2105 3476 2287 3537 quam
2331 3455 2595 3516 maxime

530 3542 703 3603 iuvit.
753 3542 919 3604 Nam
965 3563 1157 3623 quum
1197 3541 1541 3606 adolescens
1587 3545 1645 3605 in
1678 3543 2052 3627 Hierusalem
2097 3543 2401 3624 profectus
2432 3541 2596 3622 esset,

533 3631 615 3692 ibi
650 3651 840 3692 annos
880 3630 1004 3691 fere
1037 3631 1308 3713 quinque
1337 3632 1527 3693 vitam
1556 3633 1679 3715 egit
1709 3631 2146 3694 sanctiffimam.
2197 3631 2361 3694 Mox
2390 3647 2594 3694 autem

528 3720 607 3781 ab
639 3718 854 3801 angelo
901 3719 1193 3797 monitus,
1236 3720 1296 3781 in
1325 3720 1683 3807 Hispaniam
1712 3721 1921 3782 multis
1950 3742 2092 3782 cum
2123 3719 2395 3803 reliquiis
2424 3719 2594 3783 sanc-

527 3824 735 3868 torum
766 3823 946 3890 atque
973 3805 1096 3868 Dei
1130 3808 1377 3869 maximi
1411 3809 1629 3890 optimi
1659 3808 1945 3886 reversus,
1972 3807 2319 3890 complures
2348 3808 2429 3869 ob
2460 3828 2595 3890 per-

524 3892 904 3956 secutionem
949 3894 1316 3956 saevissimam
1363 3897 1692 3958 titubantes
1736 3897 1807 3956 ad
1842 3895 2069 3960 Christi
2097 3893 2282 3957 fidem
2322 3892 2593 3959 hortatus

525 3983 636 4061 est,
666 3984 838 4045 cuius
867 3983 1063 4045 honor
1093 3985 1395 4046 maximus
1427 3985 1704 4047 Palentiae
1731 3984 2073 4048 celebratur
2101 4031 2296 4046 .....
2337 4010 2361 4042 »

676 4118 878 4184 [Lucius
930 4118 1138 4171 Matina
1165 4119 1353 4173 Siculus
1394 4118 1462 4187 (1-
1492 4095 1681 4186 1.433),
1733 4122 1807 4170 De
1862 4120 2005 4169 rebus
2054 4118 2339 4188 hispanicis,
2386 4117 2472 4171 lib.
2524 4123 2591 4188 V3

522 4200 603 4252 A.
635 4198 829 4264 Schott,
860 4199 1102 4268 Hispania
1130 4199 1390 4267 illustrata,
1417 4199 1459 4263 1,
1490 4200 1625 4263 333.]
