3620 5680
1082 537 1216 615 140
1951 517 2160 615 (417)

1069 753 1345 816 doffline
1376 753 1435 814 δι
1467 753 1912 816 adnuntiationi
1936 752 2332 818 ecclesiastice
2356 777 2529 819 mens
2567 777 2773 819 earum
2795 758 2869 820 ad
2896 759 3130 821 bonum

1069 842 1301 924 semper
1327 857 1568 904 vacaret
1595 842 1880 906 institutis
1909 845 2288 907 orationibus
2319 844 2378 907 &
2408 845 2679 908 dicebat:
2727 872 2752 904 ‹
2806 846 3130 911 Memores

1073 957 1098 989 α
1134 929 1323 992 estote
1373 946 1441 991 ut
1466 929 1635 993 ficuti
1683 952 1849 993 nunc
1900 947 2138 995 tenetur
2180 934 2335 995 ordo
2375 932 2560 1018 usque
2601 935 2673 995 ad
2719 935 3130 999 consumatio·
3161 956 3192 1003 f.
3220 969 3319 1017 252
3336 953 3383 1016 b,
3407 956 3487 1001 001.
3513 970 3530 1003 1

1073 1046 1099 1078 ς
1134 1039 1277 1081 nem
1308 1033 1604 1081 teneatur.
1638 1044 1663 1076 »

1154 1132 1180 1164 ‹
1216 1105 1330 1168 Sed
1383 1107 1455 1168 ad
1496 1108 1555 1168 id
1600 1108 1766 1190 quod
1799 1106 2176 1192 propositum
2225 1110 2309 1172 est
2358 1127 2752 1174 revertamur.
2804 1111 3133 1194 Suscipitur

1070 1211 1274 1257 autem
1323 1194 1383 1258 ὅτ
1430 1196 1642 1258 beatus
1692 1197 1875 1258 frater
1902 1197 2031 1260 eius
2080 1195 2140 1260 &
2187 1198 2505 1282 requiescit
2556 1200 2617 1262 in
2667 1199 2949 1262 Domino
2993 1217 3133 1263 ante

1069 1305 1261 1347 annos
1291 1284 1435 1345 ocio
1466 1305 1651 1366 quam
1680 1283 1785 1346 illa
1814 1286 2033 1364 obiret,
2074 1286 2218 1349 Deo
2251 1289 2332 1348 ita
2361 1288 2697 1350 ordinante.
2732 1287 2961 1351 Manfit
2987 1309 3131 1373 ergo

1071 1375 1246 1436 beata
1293 1372 1427 1454 post
1475 1372 1713 1434 obitum
1768 1372 1951 1453 illius,
2003 1374 2378 1456 semetipsam
2428 1376 2762 1439 acrioribus
2795 1376 3131 1439 ieiuniis&

1071 1461 1447 1524 orationibus
1484 1476 1783 1539 coartans,
1807 1482 1914 1544 per
1941 1483 2133 1526 annos
2160 1461 2326 1545 [tres]
2358 1462 2453 1525 vel
2486 1479 2751 1546 quatuor
2774 1486 3132 1547 permanens

1070 1552 1132 1612 in
1164 1548 1460 1632 apostolio
1490 1551 1656 1631 quod
1688 1550 2006 1612 modicum
2037 1552 2200 1630 fecit,
2229 1552 2291 1612 in
2329 1574 2453 1635 quo
2487 1551 2544 1613 δι
2574 1552 2749 1615 beata
2777 1569 2970 1616 mater
3004 1555 3132 1617 eius

1070 1638 1130 1701 ὅτ
1159 1639 1341 1700 frater
1383 1635 1641 1719 repofita
1685 1638 1819 1723 (stc)
1866 1656 2054 1702 erant.
2093 1640 2176 1702 Et
2216 1662 2408 1723 quum
2437 1641 2673 1703 videret
2703 1641 2977 1705 eclesiam
3006 1664 3132 1705 non

1070 1728 1399 1790 habentem
1442 1728 1777 1790 monachos
1816 1727 1875 1789 &
1919 1729 2421 1792 ministrationem
2448 1728 2708 1812 neclegi,
2757 1729 3050 1794 subintrat
3077 1732 3132 1794 ei

1071 1813 1288 1877 deifica
1314 1814 1605 1877 emulatio
1627 1832 1695 1877 ut
1725 1817 1952 1879 faceret
1972 1817 2466 1880 hedificationem
2490 1817 2833 1880 sanctorum
2861 1820 3134 1881 virorum

1071 1923 1422 1984 permanere
1464 1904 1523 1966 &
1561 1904 1892 1968 ministrare
1930 1906 2247 1968 no&urnis
2291 1906 2350 1969 ὅτ
2392 1906 2624 1968 diurnis
2668 1907 3044 1970 orationibus
3074 1906 3134 1969 ὅτ

1072 1990 1421 2073 psalmodiis
1472 1994 1533 2054 in
1579 1992 1794 2055 eclesia
1838 1994 2036 2055 san&e
2084 1995 2466 2058 Ascenfionis
2516 1993 2577 2056 δε
2626 1996 2687 2056 in
2739 1994 3021 2077 spelunca
3072 1997 3133 2057 in

1071 2101 1192 2162 qua
1235 2101 1380 2141 cum
1423 2080 1730 2163 discipulis
1772 2082 1888 2144 suis
1931 2080 2244 2146 Dominus
2285 2085 2359 2144 de
2387 2082 2913 2145 consummatione
2954 2082 3134 2146 seculi

1069 2167 1412 2250 disputavit.

1154 2282 1179 2313 α
1201 2256 1573 2319 Multotiens
1589 2277 1738 2319 vero
1754 2258 1969 2321 volens
1985 2259 2253 2340 incipere
2271 2258 2436 2341 quod
2454 2257 2743 2339 cupiebat
2757 2258 2856 2340 spe
2872 2259 2985 2321 hac
3004 2258 3133 2343 (stc)

1069 2343 1190 2405 fide
1234 2366 1389 2426 opus
1428 2346 1678 2427 quidem
1709 2366 2020 2428 magnum,
2050 2348 2443 2429 proibebatur
2474 2367 2509 2408 a
2539 2345 2895 2430 quibusdam
2925 2347 3137 2410 dicen-

1071 2432 1233 2495 tibus
1275 2453 1401 2494 non
1454 2429 1618 2515 poffe
1662 2455 1798 2496 eam
1843 2433 2132 2516 perficere
2182 2433 2222 2496 fi
2271 2434 2540 2518 cepisset,
2595 2449 2844 2517 propter
2883 2435 3135 2497 nimiam

1073 2535 1511 2602 paupertatem.
1558 2519 1857 2604 Dumque
1891 2524 2006 2584 hec
2036 2524 2353 2605 cogitaret,
2382 2545 2529 2587 ecce
2557 2544 2683 2586 non
2714 2521 2846 2604 post
2873 2522 3137 2584 multum

1072 2624 1313 2690 tempus
1337 2609 1589 2691 quidam
1619 2608 1955 2691 religiosus,
1994 2612 2251 2693 diligens
2283 2610 2617 2691 Christum,
2652 2609 2877 2673 obtulit
2906 2610 3137 2674 ducen-

1072 2712 1166 2760 tos
1197 2696 1438 2760 solidos
1472 2695 1657 2783 Quos
1686 2720 1831 2759 cum
1860 2698 2199 2781 accepisset,
2227 2701 2353 2781 egit
2381 2699 2527 2762 Deo
2556 2700 2798 2782 gratiaS.
2828 2697 2913 2761 Et
2939 2700 3137 2763 statim

1069 2785 1318 2849 vocabit
1358 2786 1766 2849 humilitatem
1796 2809 2017 2865 meam,
2064 2790 2170 2873 qui
2220 2809 2363 2852 cum
2406 2790 2621 2852 eadem
2659 2788 3137 2872 perseverabam,

1072 2875 1216 2959 quia
1236 2874 1295 2937 &
1326 2876 1448 2957 ipsa
1478 2897 1576 2937 me
1606 2876 1681 2937 de
1706 2876 1906 2939 seculo
1932 2876 2253 2960 suscipiens
2285 2876 2430 2940 Deo
2474 2877 2698 2940 obtulit
2725 2876 2785 2939 ὅτ
2814 2877 3136 2962 indignum

1071 2984 1171 3024 me
1204 2964 1482 3026 Christus
1520 2966 1592 3026 ad
1626 2965 1957 3047 presbiterij
1990 2967 2248 3049 gradum
2294 2968 2599 3049 perduxit,
2642 2967 2918 3049 dixitque
2957 2968 3134 3030 mici:
3163 2987 3196 3034 f.
3222 3002 3385 3051 2530,
3411 2991 3531 3035 c01.1

1077 3078 1101 3108 «
1139 3052 1380 3134 Accipe
1419 3053 1533 3115 hos
1558 3056 1869 3116 ‚ducentos
1913 3053 2135 3117 solidos
2182 3055 2241 3117 &
2285 3054 2537 3137 provide
2579 3057 2704 3117 cito
2735 3056 3047 3137 operarios
3077 3055 3138 3118 δε

1077 3166 1101 3196 α
1138 3157 1590 3224 congregentur
1605 3140 1837 3221 lapides
1859 3142 2277 3226 incipiantque
2300 3142 2731 3204 monasterium
2753 3144 3028 3206 virorum
3051 3160 3137 3224 ut,

1078 3254 1102 3286 ι
1139 3229 1288 3289 dum
1315 3230 1458 3290 vivo
1491 3250 1635 3312 ergo
1674 3229 1733 3292 ὅτ
1763 3229 1867 3292 sub
1899 3231 2106 3312 prestis
2139 3232 2267 3316 (fic)
2298 3231 2445 3309 sum,
2475 3231 2715 3292 videam
2739 3232 3138 3295 ministerium

1079 3344 1101 3374 α
1142 3316 1286 3379 Deo
1308 3316 1439 3379 fieri
1463 3319 1609 3397 cit0,
1638 3333 1705 3380 ut
1727 3319 1850 3380 offa
1875 3318 2139 3382 Domini
2168 3319 2475 3402 fratrisque
2507 3322 2649 3399 mei,
2672 3319 2731 3381 &
2752 3321 2962 3383 matris
3002 3342 3138 3384 mee

1079 3432 1102 3463 «
1142 3403 1256 3467 s1nt
1296 3407 1359 3466 in
1386 3407 1724 3490 refrigeri0,
1751 3408 1845 3470 his
1877 3406 2021 3469 Deo
2054 3407 2468 3470 servientibus.
2507 3432 2531 3464 2

1160 3521 1184 3551 «
1223 3494 1494 3576 Ceptum
1524 3494 1609 3557 est
1647 3512 1853 3558 autem
1884 3518 2030 3558 mox
2059 3495 2370 3559 hedificari
2402 3495 2481 3576 ὅτ,
2517 3512 2823 3559 annuente
2853 3496 3137 3561 Domino

1071 3581 1213 3645 fidei
1257 3582 1500 3662 famule,
1547 3585 1632 3646 eis
1681 3582 1830 3667 ipso'
1857 3606 2017 3646 anno
2059 3585 2398 3666 perfefium
2442 3584 2526 3646 est
2567 3606 2721 3667 opus
2759 3607 3048 3668 magnum
3077 3588 3138 3651 δε

1073 3670 1370 3734 mirabile.
1418 3670 1612 3755 Quod
1645 3673 1750 3755 qui
1780 3673 2066 3736 viderunt
2096 3674 2464 3738 admirantes
2493 3673 2730 3736 nonnifi
2760 3676 2966 3737 divina
2993 3697 3138 3758 pro-

1071 3761 1343 3822 videntia
1371 3760 1611 3823 fabente
1641 3761 2128 3823 consummatum
2157 3759 2272 3824 effe
2303 3764 2658 3826 fatebantur.
2682 3763 2765 3826 Et
2785 3764 3138 3828 habitabant

1072 3849 1156 3910 ibi
1213 3848 1396 3910 sanai
1453 3844 1607 3911 servi
1661 3849 1923 3913 Domini
1983 3850 2042 3912 ὅτ
2098 3851 2493 3913 ministerium
2537 3849 2680 3913 Deo
2722 3851 3134 3934 gloriofissime

1075 3936 1520 4018 adimplebant,
1583 3938 1700 3999 five
1770 3939 1832 4000 in
1897 3939 2097 4000 sancia
2157 3939 2369 4001 eclesia
2428 3938 2826 4019 Ascenfionis,
2888 3939 3007 4003 five
3070 3942 3134 4003 in

1073 4024 1371 4106 apostolio
1401 4026 1502 4087 ubi
1530 4025 1728 4088 sancta
1757 4042 1948 4089 mater
1976 4028 2105 4090 eius
2135 4027 2195 4090 ὅτ
2218 4028 2400 4090 frater
2430 4028 2898 4110 requiescebant.

1159 4139 1182 4169 «
1223 4112 1444 4198 Quum
1472 4115 1676 4196 igitur,
1713 4116 1775 4176 in
1808 4115 1903 4177 his
1932 4115 2276 4195 constituta,
2298 4116 2559 4178 nimium
2590 4116 2709 4191 leta
2739 4116 2884 4189 Deo
2913 4119 3137 4201 gratias

1074 4217 1296 4284 ageret,
1334 4203 1587 4264 veniunt
1636 4203 1839 4266 littere
1890 4205 1964 4266 ab
2014 4204 2318 4267 avunculo
2363 4204 2467 4266 suo
2514 4203 2847 4270 Volusiano
2891 4228 3016 4268 uno
3059 4229 3137 4270 ex

1073 4289 1377 4372 prefeetis,
1418 4311 1495 4352 eo
1525 4295 1690 4374 quod
1721 4289 1973 4354 venisset
2013 4292 2616 4377 Constantinopolim
2644 4296 2718 4358 ad
2748 4294 3136 4359 interceden-
