3620 5680
1427 502 1638 596 (400)

826 732 991 795 Pene
1019 747 1220 795 totum
1250 731 1424 795 sociis
1454 732 1636 795 dabat
1662 754 1805 794 cum
1837 734 2083 811 rediret,

824 819 956 903 Ipse
983 843 1109 882 non
1141 819 1418 884 reficiens
1448 822 1646 884 donec
1675 820 1943 884 esuriret.

747 910 888 973 Plus
912 931 1098 993 quam
1129 925 1364 992 partem
1394 909 1567 972 sociis
1597 910 1777 973 dabat
1806 933 1882 972 ex
1912 912 2163 973 invento

825 998 1007 1078 Pane,
1034 998 1136 1082 qui
1168 999 1464 1061 sufficeret
1492 997 1596 1061 fibi
1627 999 1729 1060 vix
1760 1015 2019 1075 retent0,

827 1089 926 1152 Sic
956 1089 1030 1151 ab
1060 1088 1229 1150 omni
1260 1087 1561 1149 abstinens
1591 1087 1712 1149 cibi
1741 1085 2127 1149 firmamento

829 1179 927 1240 Ac
955 1176 996 1239 fi
1026 1176 1152 1238 solo
1181 1177 1417 1239 viveret
1445 1176 1667 1240 Christi
1698 1175 2090 1238 sacramento.

745 1269 835 1330 At
864 1282 1144 1349 parentes
1172 1266 1423 1349 cognito
1454 1262 1742 1327 receffiffe
1770 1280 2007 1343 natum,

825 1356 975 1418 Heri
1007 1354 1217 1417 datum
1246 1354 1494 1435 nuptiis,
1523 1354 1708 1415 hodie
1736 1353 2060 1433 sublatum,

827 1444 963 1507 Pari
995 1443 1292 1527 plangunt
1319 1445 1522 1505 animo
1558 1443 1778 1525 pariter
1810 1458 2102 1522 amatum,

826 1533 1001 1596 Pater
1027 1532 1259 1593 habens
1288 1530 1587 1606 lacrimaS,
1616 1546 1810 1593 mater
1842 1530 2163 1594 ululatum.

750 1624 960 1686 Ruens
991 1642 1217 1704 pronus
1248 1641 1434 1682 aureo
1466 1634 1634 1701 pater
1664 1641 1698 1681 a
1725 1619 1914 1698 sedili,

826 1710 1037 1774 Mater
1067 1709 1223 1770 inter
1252 1707 1526 1790 famulas,
1556 1730 1711 1770 uxor
1739 1710 1801 1770 in
1834 1709 2042 1787 cubili,

828 1800 983 1862 Haec
1012 1798 1209 1860 amice
1239 1797 1538 1875 nominat,
1567 1797 1669 1858 hic
1699 1796 1759 1859 ὅτ
1788 1796 1893 1859 illa
1920 1796 2027 1876 fili,

824 1886 876 1951 F
878 1887 1146 1949 eminina
1175 1885 1438 1962 feminae,
1464 1905 1620 1945 voce
1647 1885 1742 1946 vir
1771 1884 1949 1947 virili.

752 1977 959 2041 Mittit
987 1990 1157 2056 pater
1183 1973 1444 2034 nuncios
1479 1971 1767 2033 Graeciam
1798 1973 1998 2035 metiri

827 2062 1124 2151 Quasque
1154 2076 1339 2124 terras
1369 2059 1651 2123 incolunt
1680 2060 1914 2123 Arabes
1946 2078 2051 2125 aut
2078 2061 2233 2144 Syri,

826 2154 910 2216 Et
936 2152 977 2213 fi
1006 2166 1184 2213 terrae
1213 2147 1443 2228 fileant,
1471 2149 1623 2211 freta
1650 2148 1931 2229 circuire,

829 2243 922 2305 Ut
949 2237 1029 2301 fic
1058 2236 1440 2315 saltimufilius
1475 2234 1666 2319 posset
1693 2238 1976 2300 inveniri.

753 2332 957 2412 Cepto
988 2348 1135 2388 mox
1166 2326 1381 2388 itinere
1414 2326 1581 2407 prius
1611 2345 1645 2385 a
1672 2326 1894 2389 vicinis

824 2419 1043 2481 Errant
1071 2415 1133 2476 in
1164 2412 1557 2493 terrestribus,
1587 2430 1791 2475 errant
1821 2415 1882 2476 in
1914 2417 2181 2497 mariniS,

824 2508 1027 2571 Terra
1056 2503 1210 2586 pede
1239 2503 1514 2581 curritur,
1544 2502 1761 2585 pelago
1792 2505 2036 2583 carinis,

827 2594 1080 2663 Claudit
1109 2592 1324 2654 orbem
1352 2593 1544 2654 cicius
1573 2613 1758 2675 quam
1789 2592 2072 2655 laborum
2099 2592 2254 2658 finis.

753 2685 945 2752 Multi
977 2681 1169 2744 multa
1195 2681 1402 2764 nuncij
1436 2680 1574 2742 loca
1604 2697 2023 2765 pervagantes,

828 2775 968 2838 Pars
996 2769 1260 2855 Ediffam
1288 2769 1563 2848 veniunt,
1591 2769 1694 2832 ubi
1724 2792 1852 2831 non
1881 2787 2166 2834 vacantes

828 2861 966 2947 Ipfi,
997 2881 1105 2943 pro
1137 2881 1258 2941 qua
1285 2874 1595 2937 venerant,
1623 2860 1784 2921 inter
1817 2863 2235 2924 mendicantes

832 2952 1000 3015 Data
1027 2947 1178 3032 stipe
1207 2947 1516 3011 transeunt
1543 2947 1697 3009 nihil
1729 2947 2113 3032 suspicantes.

750 3042 883 3126 lpse
911 3061 1058 3102 vero
1091 3038 1405 3120 providus,
1436 3053 1715 3100 metuens
1734 3040 1967 3118 notari,

828 3132 993 3196 Cum
1020 3123 1278 3189 notass'et
1305 3126 1586 3204 nuncios,
1615 3125 1802 3188 vellet
1832 3126 2160 3191 absentari:

833 3220 947 3283 Sed
979 3238 1125 3278 mox
1155 3230 1223 3277 ut
1253 3214 1308 3276 se
1338 3215 1641 3296 comperit
1669 3214 1859 3277 alium
1890 3216 2111 3298 putari,

829 3308 1003 3371 Flere
1033 3305 1226 3387 coepit
1255 3302 1471 3383 oculis,
1500 3305 1710 3366 animo
1741 3304 1949 3368 laetari.

750 3490 839 3551 At
866 3484 1046 3569 legati
1075 3482 1310 3545 flebiles
1338 3482 1509 3543 vario
1541 3481 1798 3565 disperfi,

830 3572 1165 3657 Peragratis
1197 3571 1470 3654 partibus
1499 3572 1664 3634 orbis
1693 3573 1974 3653 universi,

831 3663 981 3726 Non
1012 3662 1275 3725 invento'
1295 3661 1514 3722 iuvene
1545 3661 1791 3723 tandem
1822 3660 1956 3724 sunt
1985 3658 2200 3723 reverfi

830 3751 914 3814 Et
940 3749 1012 3813 ad
1046 3764 1278 3832 patrem
1307 3748 1628 3811 confluunt
1655 3748 1922 3813 lacrimis
1952 3748 2214 3833 respersi.

751 3928 880 3992 Iam
912 3925 1044 4011 post
1070 3947 1298 3988 annum
1329 3925 1638 3987 decimum
1668 3925 1954 4009 septimus
1983 3926 2271 4010 vergebat

830 4015 1121 4080 Necdum
1151 4012 1386 4077 sanctus
1417 4016 1589 4097 operi
1620 4031 1830 4098 coepto
1862 4013 2191 4095 defistebat,

833 4105 946 4168 Sed
977 4105 1040 4167 in
1073 4103 1197 4186 ipso
1227 4102 1448 4185 iugiter
1479 4105 1634 4166 atrio
1666 4105 1942 4187 degebat.

832 4195 958 4259 Ubi
990 4207 1239 4277 propter
1268 4195 1536 4256 animam
1564 4214 1791 4275 corpus
1820 4193 2141 4277 affligebat.

2468 520 2564 597 99
