3620 5680
1371 501 1754 609 (586-587)
2454 528 2589 612 249

528 748 690 808 donec
720 746 792 804 ab
820 741 1147 825 infirmitate
1179 758 1518 827 purgentur.
1570 747 1668 808 De
1697 748 1921 831 publico
1952 763 2155 828 tamen,
2185 752 2317 811 dum
2347 750 2427 812 ibi
2453 774 2595 811 com-

526 832 735 897 morati
741 832 998 915 fuerint,
1028 834 1239 895 vibium
1270 835 1586 917 accipiunt,·
1597 837 1808 924 sanati
1843 854 2048 917 autem,
2077 841 2162 900 ad
2183 841 2429 924 propria
2479 841 2596 929 dis-

526 924 739 985 cedunt.
772 922 899 1011 Ipse
929 946 1134 1006 quoque
1161 920 1438 987 Iordanis
1471 927 1542 987 ab
1584 949 1640 987 eo
1667 926 1777 987 loco
1820 928 1877 988 in
1908 928 2092 1008 quinto
2126 929 2417 1008 milliario,
2444 930 2603 991 mari

528 1012 845 1074 commixtus
875 1012 1158 1092 MortuO,
1186 1037 1376 1075 nomen
1407 1016 1627 1077 amittit.
1659 1016 1853 1078 Mare
1881 1018 2025 1078 enim
2057 1017 2385 1080 Mortuum
2414 1021 2476 1079 ob
2505 1018 2600 1080 hoc

528 1101 756 1183 dicitur,
783 1127 840 1164 eo
868 1105 1016 1185 quod
1037 1106 1109 1165 ab
1140 1105 1384 1166 incendio
1412 1104 1705 1167 Sodomae'
1744 1105 1844 1172 {vel
1877 1105 2231 1187 reliquarum
2269 1108 2496 1169 urbium
2526 1109 2601 1191 est

527 1192 843 1280 versatum,
872 1194 940 1255 δέ
968 1216 1121 1274 aqua
1151 1194 1278 1278 ipsa
1309 1193 1564 1281 asphalto
1597 1196 1886 1277 permixta
1926 1197 2001 1279 cst
2020 1220 2040 1257 .·
2070 1197 2213 1257 unde
2258 1219 2295 1258 α
2323 1196 2602 1259 nonnullis

527 1304 688 1343 mare
710 1281 988 1363 Asphalti
1021 1283 1380 1365 appellatum
1403 1284 1459 1344 in
1491 1307 1592 1366 quo
1621 1284 1717 1366 qui
1741 1298 1952 1346 natare
1979 1285 2165 1373 ncffcit,
2176 1286 2362 1374 super
2390 1308 2601 1367 aquam

513 1367 747 1450 fertur,-
768 1370 835 1431 ἔθ’
865 1371 1019 1435 circa
1049 1397 1171 1435 eum
1183 1372 1444 1463 sulphur
1475 1374 1744 1436 adhaeret.
1945 1363 1966 1372 κ

1147 1514 1173 1545 «
1209 1489 1309 1549 De
1339 1488 1497 1570 aquis
1526 1487 1781 1549 Levidae
1813 1488 1985 1551 urbis.

614 1613 639 1645 α
676 1588 817 1650 Sunt
842 1604 1026 1652 autem
1056 1591 1124 1652 Εἴ
1155 1591 1240 1651 ad
1261 1590 1564 1676 Leyidam
1606 1591 1894 1652 civitatem
1934 1613 2101 1671 aquae
2138 1590 2365 1669 calidae,
2393 1591 2449 1652 in
2480 1592 2606 1672 qui-

533 1680 630 1739 bus
654 1678 808 1767 Iesus
837 1678 1022 1741 Nave
1047 1679 1263 1741 lavare
1320 1679 1480 1741 olitus
1507 1693 1670 1750 erat,·
1693 1679 1791 1740 ubi
1803 1678 2073 1763 similiter
2104 1678 2299 1763 leprosi
2321 1680 2605 1742 mundan-

533 1781 664 1829 tur:
719 1770 796 1849 est
851 1782 1033 1830 autem
1091 1770 1163 1829 ab
1289 1769 1517 1829 iericho
1578 1768 1855 1829 duodecim
1910 1768 2116 1829 millia.
2175 1768 2361 1852 Prope
2419 1782 2603 1831 autem

534 1855 835 1917 Hiericho
879 1855 1159 1918 habentur
1199 1858 1430 1918 arbores
1469 1879 1594 1938 quae
1637 1856 1806 1919 lanas
1841 1857 2099 1938 gignunt.
2138 1856 2417 1919 Exhibent
2461 1858 2604 1920 enim

525 1960 693 2029 poma
722 1945 779 2006 in
807 1946 1025 2007 modum
1048 1947 1496 2023 cucurbitarum,
1530 1946 1688 2027 'tssas
1730 1946 1787 2005 in
1829 1946 2067 2007 circuitu
2108 1945 2363 2009 habentes
2408 1948 2607 2025 duras,

533 2034 862 2122 intrinsecus
905 2049 1088 2096 autem
1125 2035 1301 2119 plena
1323 2036 1471 2123 sunt
1517 2034 1673 2097 lana.
1724 2033 1804 2095 Et
1831 2035 1893 2095 de
1927 2034 2011 2096 his
2052 2035 2219 2097 etiam
2236 2036 2456 2119 jerunt
2500 2036 2610 2121 ipst

531 2124 660 2213 Iesu
690 2123 874 2185 Nave
896 2123 1073 2209 solere
1090 2123 1235 2207 fieri
1274 2124 1616 2185 indumenta.
1657 2123 1768 2184 Sed
1789 2125 1857 2183 Εἴ
1887 2122 2145 2204 hodieque
2186 2124 2326 2187 tales
2356 2126 2610 2189 exhibent

530 2212 717 2291 lanas,
743 2237 810 2274 ex
846 2213 1042 2293 quibus
1079 2236 1172 2275 nos
1222 2238 1261 2275 a
1304 2213 1637 2301 quibusdam
1676 2213 1893 2275 delatas
1939 2214 2204 2292 vidimus,
2234 2216 2300 2275 ἅθ’
2332 2216 2611 2277 admirati

515 2303 720 2391 sumus
751 2302 850 2363 vel
870 2303 1188 2380 candorem,
1216 2302 1316 2363 vel
1320 2302 1701 2391 subtilitatem
1731 2324 1947 2364 earum.
1983 2357 1988 2362 .

937 2444 960 2474 «
1012 2418 1110 2479 De
1112 2418 1323 2501 forma
1353 2419 1593 2479 Domini
1621 2418 1781 2499 apud
1805 2416 2194 2479 Phaniadam.

617 2550 642 2581 «
682 2523 890 2606 Igitur,
920 2540 982 2585 ut
1010 2525 1268 2602 diximus,
1297 2525 1354 2585 in
1385 2526 1499 2611 ipso
1517 2525 1706 2607 primo
1734 2521 2010 2587 Iordanis
2040 2527 2279 2611 egreſj'u,
2301 2524 2609 2589 Phaniada

533 2613 740 2675 civitas
749 2614 870 2697 fita
900 2616 978 2693 est
977 2659 1088 2675 ......
1121 2639 1144 2667 »
1181 2613 1343 2695 (vide
1373 2612 1546 2695 supra
1574 2635 1631 2674 n.
1661 2614 1823 2695 403).

678 2726 979 2794 [Gregorius
1012 2727 1234 2791 Turon.,
1279 2727 1357 2777 De
1384 2725 1555 2793 gloria
1589 2736 1883 2794 martyrum,
1913 2726 1947 2778 l.
1978 2729 2020 2791 1,
2050 2743 2125 2779 cc.
2168 2746 2249 2791 17,
2279 2733 2359 2792 18,
2394 2745 2453 2779 21
2498 2726 2606 2792 (ed.

536 2806 773 2872 Bordier,
793 2808 834 2870 Ι,
863 2824 946 2876 pp·
968 2825 1049 2874 51,
1078 2826 1161 2874 54,
1191 2806 1323 2876 56)·]

537 2989 584 3022 c.
617 2976 736 3038 586.
764 2971 966 3022 TERRA
995 2986 1024 3022 E
1054 2970 1398 3023 PALAE‘STJNA
1424 2985 1650 3023 ALLATA
1672 2985 1942 3023 1NF1RMos
1964 2986 2163 3023 sANAT.

614 3092 634 3118 «
668 3070 844 3123 Prodit
891 3089 953 3123 ex
993 3084 1326 3122 monumento
1365 3089 1469 3139 quo
1511 3069 1843 3123 Dominicum
1882 3071 2037 3122 iacuit
2076 3089 2256 3141 corpus
2292 3071 2414 3123 mira
2440 3071 2613 3137 virtuS,

536 3152 673 3221 quod
718 3151 894 3221 saepius
939 3164 1068 3203 terra
1111 3150 1323 3203 naturali
1359 3150 1580 3202 candore
1614 3151 1841 3202 radiante
1875 3151 2111 3220 repletur,
2136 3153 2182 3204 &
2211 3151 2389 3204 exinde
2430 3150 2611 3203 iterum

536 3232 706 3284 ablata
750 3250 884 3301 aqua
932 3231 1298 3300 conspergitur,
1342 3231 1406 3282 de
1448 3249 1547 3299 qua
1592 3230 1793 3283 tortulae
1827 3231 2050 3300 parvulae
2084 3231 2380 3296 formantur,
2418 3249 2477 3282 ac
2526 3249 2612 3300 per

536 3313 752 3365 diversas
789 3311 962 3363 mundi
991 3322 1157 3381 partes
1186 3311 1610 3376 transmittuntur,
1638 3310 1702 3361 de
1744 3310 1929 3379 quibus
1957 3311 2252 3379 plerumque
2280 3310 2460 3362 infirmi
2489 3310 2614 3361 sani-

538 3404 666 3445 tates
697 3391 952 3445 hauriunt.
987 3413 1006 3440 n

681 3489 986 3560 [Gregorius
1025 3491 1248 3554 Turon.,
1295 3493 1372 3544 De
1402 3489 1573 3558 gloria
1599 3501 1891 3557 marytrum,
1920 3489 1951 3540 l.
1975 3491 2015 3552 1,
2040 3507 2085 3542 c.
2114 3508 2141 3553 7
2180 3489 2285 3554 (ed.
2321 3487 2548 3551 Bordier,
2573 3490 2617 3552 I,

539 3590 590 3641 p.
611 3571 724 3640 24);
752 3568 1034 3636 cuiusmodi,
1060 3581 1116 3621 ut
1132 3569 1361 3634 videtur,
1394 3588 1415 3616 α
1446 3568 1634 3620 tortula
1658 3589 1679 3617 1>
1711 3571 1954 3637 quasdam,
1965 3569 2149 3636 saeculo
2175 3571 2222 3620 V
2220 3570 2249 3620 Ι
2270 3567 2365 3619 vel
2389 3569 2492 3618 VII
2508 3585 2615 3618 con-

520 3655 690 3720 feHae,
728 3650 778 3702 in
804 3650 1036 3717 thesauro
1073 3649 1270 3717 ecclefiae
1295 3648 1588 3716 Monzensts,
1612 3649 1941 3714 Lombardiae,
1973 3649 2140 3700 adhuc
2156 3649 2454 3716 servantur
2484 3647 2613 3715 (vid.

543 3730 753 3782 Barbier
795 3731 858 3782 de
896 3729 1180 3794 Montault,
1209 3731 1275 3780 Le
1315 3728 1470 3795 tre‘jlbr
1495 3730 1556 3779 de
1589 3727 1641 3778 la
1679 3727 1909 3796 bafilique
1933 3727 2093 3794 royale
2131 3731 2193 3778 de
2225 3730 2442 3793 Mouza,
2487 3725 2613 3778 Bull.

522 3827 766 3885 ‚monumq
800 3816 954 3876 1883,
980 3820 1037 3878 50
1065 3809 1172 3874 sexu,
1192 3810 1284 3873 XI,
1305 3827 1388 3878 pp.
1419 3809 1717 3874 132-138).]

261 4003 323 4047 c.
379 3980 515 4076 587
546 3984 644 4054 *B.
703 3984 1003 4070 AGILUS,
1061 3987 1407 4066 vicecomes,
1473 3982 1768 4072 confeffor
1818 4006 2014 4075 prope
2072 3984 2486 4074 magdunum
2554 3977 2613 4046 in

548 4090 788 4160 Gallia.
833 4102 992 4172 (406)

629 4236 654 4268 «
691 4209 762 4272 ln
805 4233 924 4293 qua
955 4210 1438 4293 peregrinatione
1469 4208 1731 4269 multum
1762 4224 2199 4285 commoratuS,
2226 4207 2472 4269 Romam
2496 4207 2617 4288 pri-

546 4321 717 4361 mum
766 4300 944 4377 adiit;
985 4300 1193 4389 ibique
1236 4298 1339 4360 diu
1391 4298 1462 4359 ad
1518 4298 1836 4359 beatorum
1863 4296 2039 4358 Petri
2080 4295 2139 4357 &
2179 4294 2349 4358 Pauli
2408 4296 2619 4357 limina

827 4391 869 4443 P
2235 4406 2298 4455 32
