3620 5680
1021 514 1113 595 24
1950 489 2161 592 (250)

1012 739 1173 823 potiti
1190 738 1413 825 sumus,
1448 737 1533 799 ita
1571 735 1688 798 luci
1725 735 1816 798 illi
1855 734 2163 819 propagati
2188 734 2351 820 sunt,
2393 747 2456 796 ut
2492 734 2609 796 iam
2650 736 2799 798 nobis
2839 735 3087 821 latiffimi

1022 837 1178 899 colles
1181 837 1396 926 sudent
1414 835 1691 919 balsama.
1723 833 1935 896 Similes
1954 833 2163 895 vitibus
2164 831 2377 916 stirpes
2396 831 2625 895 habent:
2645 833 2911 898 malleoEs
2932 835 3085 917 dige-

1025 949 1255 1013 runtur,
1294 933 1500 1016 rastris
1541 931 1828 1020 nitcffcunt,
1859 954 2010 1012 aqua
2042 930 2313 1012 gaudent,
2357 943 2553 994 amant
2589 934 2901 1016 amputari,
2931 947 3089 997 tena-

1024 1035 1174 1096 cibus
1183 1031 1349 1116 soliis
1357 1029 1700 1119 sempiterno
1732 1030 2159 1115 inumbrantur.
2189 1027 2435 1109 Lignum
2465 1030 2708 1093 caudicis
2736 1040 3091 1094 attree‘tatum

1009 1132 1187 1214 firro
1201 1127 1327 1214 stne
1354 1150 1516 1190 mora
1534 1127 1813 1189 moritur:
1835 1149 1901 1188 ea
1913 1140 2148 1210 propter
2169 1140 2273 1188 aut
2298 1126 2450 1188 vitro
2479 1142 2584 1189 aut
2600 1128 2893 1192 cultellulis
2920 1128 3094 1213 offlis,

1012 1227 1130 1318 sed
1148 1224 1358 1311 insola
1385 1225 1578 1288 cortice
1621 1223 1835 1308 artifici
1851 1224 2035 1306 plaga
2081 1226 2449 1303 vulneratur,
2492 1250 2517 1288 e
2560 1249 2672 1307 qua
2712 1228 2928 1289 eximiae
2941 1224 3097 1314 sua-

1030 1325 1226 1387 vitatis
1244 1336 1410 1406 gutta
1425 1335 1641 1384 manat.
1673 1321 1805 1404 Post
1819 1321 2119 1383 lacrimam
2128 1322 2440 1409 secundum
2454 1323 2511 1383 in
2529 1324 2722 1407 pretiis
2740 1324 2913 1387 locum
2933 1341 3096 1410 poma

1033 1425 1284 1501 obtinent,
1312 1435 1494 1483 cortex
1523 1420 1766 1498 tertium,
1796 1419 2018 1481 ultimus
2048 1418 2208 1482 honos
2233 1419 2396 1501 ligno.

1113 1519 1303 1601 Longo
1332 1520 1404 1581 ab
1435 1515 1884 1598 Hierosolymis
1914 1514 2129 1599 receffu
2159 1516 2329 1600 tristis
2343 1513 2506 1600 finus
2523 1518 2822 1600 panditur,
2853 1542 3009 1601 quem
3035 1520 3102 1581 de

1034 1617 1166 1680 caelo
1192 1627 1396 1679 tatium
1427 1616 1663 1700 testatur
1710 1614 1909 1676 humus
1937 1614 2107 1694 nigra
2143 1614 2212 1674 δέ
2250 1613 2308 1674 in
2337 1613 2571 1676 cinerem
2597 1615 2800 1703 soluta
2810 1645 2837 1687 ,·
2879 1617 2962 1679 ibi
2996 1618 3102 1679 duo

1036 1713 1255 1797 oppida,
1293 1712 1633 1775 Sodomum
1689 1711 2031 1773 nominatum
2088 1709 2350 1787 alterum,
2403 1709 2647 1772 alterum
2696 1711 3104 1791 Gomorrum,

1039 1812 1200 1896 apud
1223 1833 1346 1893 quae
1369 1825 1591 1894 pomum
1620 1810 1770 1890 quod
1789 1808 2067 1890 gignitur,
2095 1807 2302 1869 habeat
2327 1806 2456 1869 licet
2472 1804 2715 1893 speciem
2742 1810 3108 1889 maturitatis,

1037 1910 1234 1973 mandi
1270 1922 1452 1971 tamen
1492 1930 1596 1969 non
1633 1907 1836 1991 potest:
1872 1929 2005 1968 nam
2030 1905 2338 1988 fuliginem
2380 1905 2709 1994 intrinsecus
2726 1907 3107 1990 favillaciam

1041 2007 1262 2071 ambitio
1291 2019 1509 2068 tantum
1537 2005 1754 2066 extimae
1782 2004 1918 2067 cutis
1945 2002 2165 2081 cohibet,
2194 2023 2319 2084 quae
2341 2001 2444 2064 vel
2458 2001 2576 2065 levi
2592 2003 2797 2087 preffa
2828 2016 2976 2067 tactu
2991 2006 3111 2089 su-

1041 2125 1191 2164 mum
1219 2101 1452 2163 exhalat
1472 2098 1783 2187 &fatiscit
1805 2099 1864 2160 in
1895 2121 2110 2180 vagum
2133 2097 2449 2181 pulverem.

1128 2197 1415 2259 Interiora
1442 2193 1667 2258 Iudaeae
1696 2195 2014 2257 occidentem
2043 2217 2166 2275 quae
2197 2207 2522 2257 contuentur
2549 2192 2752 2257 Effeni
2784 2208 2979 2274 tenent,
3019 2193 3119 2276 qui

1044 2293 1393 2357 memorabili
1432 2293 1726 2381 disciplina
1766 2291 2114 2375 recefferunt
2153 2316 2191 2354 a
2231 2292 2348 2354 ritu
2386 2292 2635 2374 gentium
2686 2293 3118 2382 universarum,

1046 2391 1345 2476 maiestatis
1374 2405 1437 2454 ut
1461 2413 1592 2452 reor
1612 2389 1975 2473 providentia
2003 2389 2086 2451 ad
2106 2388 2251 2450 hunc
2279 2404 2485 2452 morem
2513 2390 2773 2472 destinati
2782 2420 2808 2462 ,·
2842 2389 3005 2451 nulla
3043 2386 3123 2449 ibi

1031 2489 1264 2573 femina
1280 2513 1300 2551 .·
1328 2510 1532 2550 venere
1544 2487 1616 2574 se
1629 2489 1848 2569 penitus
1870 2487 2303 2565 abdicaverunt,
2316 2487 2615 2568 pecuniam
2636 2487 2899 2576 naeffciunt,
2912 2484 3123 2570 palmis

1050 2587 1347 2658 vietitann
1374 2608 1526 2647 nemo
1561 2585 1641 2646 ibi
1677 2584 1937 2671 nascitur
1965 2606 2060 2645 nec
2089 2597 2271 2645 tamen
2309 2583 2489 2666 deficit
2512 2583 2786 2646 hominum
2815 2584 3123 2646 multitudo.

1051 2684 1231 2746 Locus
1270 2683 1387 2772 ipse
1424 2683 1674 2744 addietus
1709 2681 1995 2765 pudicitia:
2042 2683 2134 2762 est,
2164 2681 2248 2743 ad
2282 2703 2438 2761 quem
2460 2681 2702 2763 plurimi
2740 2682 2863 2744 Ecet
2888 2682 3125 2763 undique

1049 2782 1297 2866 gentium
1319 2794 1626 2866 properent
1636 2811 1661 2853 ,·
1698 2781 1887 2843 nullus
1915 2780 2249 2860 admittitur,
2278 2778 2387 2866 nist
2412 2803 2568 2863 quem
2597 2781 2861 2866 castitatis
2882 2780 3030 2864 fides
3058 2780 3127 2842 δέ

1059 2880 1377 2943 innocentia:
1411 2880 1670 2941 meritum
1690 2879 2106 2963 prosequatur:
2134 2902 2267 2940 nam
2296 2878 2391 2960 qui
2410 2901 2540 2940 reus
2561 2880 2631 2960 est
2656 2879 2758 2941 vel
2767 2879 2910 2941 levis
2931 2878 3131 2962 culpae,

1063 2977 1324 3062 quamvis
1328 2978 1563 3066 summa
1599 2992 1689 3059 ope
1712 2977 1947 3065 adipisci
1960 2976 2269 3059 ingrestum
2290 2975 2447 3054 velit,
2461 2976 2730 3038 divinitus
2735 2972 3129 3062 submovetur.

1063 3077 1161 3139 Ita
1184 3090 1291 3159 per
1333 3074 1640 3161 inmensum
1668 3070 1929 3159 spatium
1964 3073 2324 3158 saeculorum,
2369 3074 2687 3136 incredibile
2714 3074 2878 3152 dian,
2918 3087 3137 3136 aeterna

1057 3196 1192 3257 gens
1234 3176 1307 3258 ss
1347 3171 1680 3256 ceffantibus
1715 3172 2048 3256 puerperiis.
2088 3170 2343 3254 Engada
2385 3172 2639 3255 oppidum
2672 3172 2842 3254 infra
2881 3169 3136 3235 Effenos

1047 3273 1201 3355 fuit,
1224 3271 1329 3356 sed
1352 3270 1590 3358 excisum
1617 3271 1713 3353 est,
1742 3293 1946 3333 verum
1973 3269 2172 3331 inclitis
2192 3269 2500 3331 nemoribus
2539 3270 2723 3332 adhuc
2757 3271 2940 3333 durat
2981 3270 3141 3331 decus

1066 3368 1315 3458 lucisque
1354 3367 1691 3450 palmarum
1733 3367 2149 3452 eminentzffimis
2184 3367 2330 3429 nihil
2361 3367 2465 3430 vel
2495 3368 2560 3429 de
2604 3390 2730 3429 aevo
2763 3368 2866 3430 vel
2901 3369 2968 3430 de
3010 3365 3141 3429 bello

1074 3467 1418 3548 derogatum.
1450 3462 1675 3527 ludaeae
1704 3465 1972 3527 terminus
1999 3462 2279 3527 Mass'ada
2305 3464 2609 3544 castellum.

1162 3560 1421 3651 Transeo
1450 3559 1846 3638 Damascum,
1884 3559 2390 3642 Philadelphiam,
2418 3558 2825 3642 Rhaphanam
2847 3580 2861 3621 ε
2885 3559 3144 3644 Scytho-

1074 3659 1202 3743 poli
1226 3661 1437 3743 primos
1474 3658 1682 3721 incolas
1723 3659 1792 3719 δέ
1832 3667 2111 3720 auctorem
2158 3658 2318 3719 dabo.
2361 3656 2540 3719 Liber
2578 3671 2771 3740 pater,
2815 3680 2937 3720 cum
2986 3657 3146 3719 humo

1075 3757 1344 3820 nutricem
1381 3755 1720 3838 tradidiffet,
1761 3756 2002 3817 condidit
2039 3755 2133 3817 hoc
2175 3755 2450 3837 oppidum,
2481 3767 2545 3816 ut
2559 3755 2886 3843 sepulturae
2926 3755 3146 3819 titulum

1073 3855 1238 3917 etiam
1271 3854 1430 3916 urbis
1457 3853 1731 3915 maenibus
1760 3852 2105 3936 ampliaret,·
2131 3851 2326 3913 incolae
2372 3852 2624 3931 deerant,
2653 3877 2679 3913 e
2714 3853 2991 3916 comitibus
3020 3853 3150 3940 suis

1076 3948 1301 4030 Scythas
1344 3949 1560 4032 delegit,
1598 3972 1725 4031 quos
1771 3964 1835 4011 ut
1875 3950 2051 4010 animi
2078 3947 2358 4031 firmaret
2395 3949 2477 4010 ad
2503 3963 2824 4032 promptam
2873 3949 3153 4035 reststendi

1079 4046 1431 4125 violentiam,
1449 4048 1755 4129 praemium
1792 4047 1894 4108 loci
1925 4069 2113 4107 nomen
2142 4045 2308 4107 dedit.
2340 4045 2411 4107 In
2441 4045 2716 4109 Seleucia
2745 4046 2893 4109 alter
2921 4045 3154 4109 Caffius

1081 4166 1230 4207 mons
1269 4145 1365 4227 est,
1393 4143 1749 4208 Antiochiae
1784 4135 2149 4227 propinquus,
2200 4142 2354 4204 cuius
2394 4166 2420 4205 e
2471 4143 2679 4207 vertice
2727 4142 2934 4225 vigilia
2974 4142 3153 4205 adhuc

1087 4254 1303 4324 quarta
1323 4239 1651 4327 conspicitur
1673 4225 1867 4321 globus'
1871 4240 2012 4325 solis
2036 4243 2105 4303 δέ
2149 4241 2315 4302 brevi
2340 4240 2583 4323 corporis
2609 4241 2944 4302 circumactu
2973 4239 3156 4303 radiis
