3620 5680
1068 479 1233 624 138'
1992 527 2202 624 (417)

1056 761 1368 824 interdum
1410 763 1760 826 venientem
1799 765 1874 826 ad
1913 765 2241 827 videndam
2283 765 2652 848 suscipiebat.
2682 764 2817 848 Ipsa
2845 768 3008 829 enim
3038 768 3126 829 illi

1058 850 1216 912 facita
1268 852 1354 913 est
1395 853 1468 915 ad
1514 852 1726 916 Deum
1774 854 1888 916 iter
1929 853 2248 918 ostendens
2294 852 2354 916 δε
2398 855 2459 915 in
2502 855 2789 917 omnibus
2822 853 2946 918 Dei
2991 869 3128 918 eam

1057 937 1373 1020 instruenS,
1424 943 1498 1005 ad
1530 942 1789 1006 multam
1834 944 2252 1006 abstinentiam
2294 942 2353 1005 δε
2383 943 2792 1005 humilitatem
2824 946 3125 1026 perduxit.
3154 958 3191 1005 f.
3214 971 3327 1019 250
3340 956 3389 1016 b,
3414 958 3497 1002 col.
3523 973 3548 1003 2

1056 1028 1225 1091 Nam
1257 1029 1317 1092 ὅτ
1347 1030 1552 1112 puella
1579 1053 1700 1115 que
1742 1033 1796 1094 ei
1839 1033 2211 1094 ministrabat
2251 1032 2493 1094 dicebat
2520 1032 2698 1095 nobis
2729 1035 2871 1114 quia
2899 1034 3128 1097 multo—

978 1127 979 1130 ’
1057 1119 1232 1197 tiens,
1262 1139 1453 1201 quum
1485 1120 1607 1181 iam
1639 1122 1699 1182 in
1733 1120 1956 1183 Pascha
1984 1136 2325 1204 exurgeret,
2368 1122 2432 1182 in
2465 1120 2690 1199 cilicio,
2719 1122 2884 1203 quod
2923 1123 3124 1186 eidem

1055 1201 1254 1268 sanae
1302 1206 1784 1271 substernebatur
1827 1211 1890 1270 in
1933 1209 2157 1287 cinere,
2208 1230 2445 1271 vermes
2494 1210 2774 1271 inmunes
2804 1211 3125 1275 inveniret.

1138 1318 1166 1352 ι
1202 1293 1276 1356 In
1304 1289 1420 1357 hac
1444 1295 1544 1357 tali
1572 1295 1902 1359 tolerantia
1929 1298 2073 1366 fecit
2096 1319 2287 1360 annos
2319 1298 2810 1379 quattuordecim
2844 1299 2905 1361 in
2926 1298 3126 1363 Hero-

1037 1384 1306 1473 filimam
1338 1383 1491 1468 (stc),
1530 1385 1592 1446 in
1622 1386 1910 1449 omnibus
1939 1385 2155 1449 sanetis
2186 1387 2461 1449 moribus
2491 1385 2551 1449 ὅτ
2579 1386 2781 1448 celesti
2812 1388 3128 1451 conversa-

1057 1471 1225 1547 tione
1256 1470 1633 1556 semetipsam
1664 1494 1973 1538 exercens·
1998 1475 2281 1557 Contigit
2308 1491 2512 1537 autem
2552 1475 2752 1536 sanita
2780 1492 2975 1539 mater
2995 1479 3127 1541 eius

1055 1562 1318 1643 migrare
1365 1563 1437 1621 ad
1486 1560 1856 1624 Dominum.
1911 1563 2105 1627 Cuius
2150 1562 2421 1625 sancium
2464 1562 2892 1645 corpusculum
2935 1566 3129 1647 depo-

1058 1669 1230 1725 nenS,
1258 1647 1532 1730 sepelivit
1559 1651 1622 1712 in
1652 1650 1861 1713 Monte
1892 1651 2095 1713 sanae
2128 1650 2362 1730 oliveti,
2392 1651 2451 1713 ὅτ
2486 1651 2609 1733 ipsa
2637 1652 2865 1715 ibidem
2889 1674 3129 1735 perma-

1056 1753 1229 1816 nens,
1274 1736 1349 1798 de
1392 1752 1596 1800 cetero
1628 1739 1688 1799 in
1719 1739 1966 1802 civitate
2008 1738 2210 1802 noluit
2252 1740 2541 1802 habitare.
2573 1739 2656 1801 Et
2684 1761 2877 1823 quum
2916 1742 2976 1803 in
3007 1761 3128 1803 una

1061 1825 1284 1887 cellula
1312 1827 1567 1890 obscura
1594 1827 1656 1890 in
1689 1829 1883 1891 multa
1906 1828 2260 1891 abstinentia
2282 1828 2621 1891 &lacrimis
2645 1827 2929 1893 Domino
2950 1851 3129 1892 vaca·—

1058 1925 1170 1994 ret,
1199 1916 1345 1977 fecit
1372 1912 1478 1978 fibi
1509 1915 1569 1978 in
1603 1917 1728 1996 ipso
1764 1917 1967 1979 sanao
1990 1932 2203 1980 monte
2224 1917 2655 1980 monasterium
2678 1916 2737 1979 ὅτ
2757 1931 2931 2000 rogat
2959 1918 3129 1979 suum

1053 2004 1305 2066 fratrem
1328 2019 1396 2066 ut
1417 2025 1639 2086 paucas
1668 2006 1722 2067 ei
1754 2006 2019 2089 virgines
2042 2022 2460 2088 congregaret.
2493 2006 2897 2069 Conveniunt
2924 2021 3128 2068 autem

1058 2093 1195 2175 plus
1226 2093 1428 2154 minus
1455 2094 1809 2176 nonaginta,
1852 2116 2000 2176 quas
2042 2095 2218 2156 beata
2260 2093 2363 2156 suo
2398 2092 2724 2155 instruebat
2753 2096 3037 2177 exemplo
3068 2095 3130 2158 δε

1055 2202 1200 2243 cum
1221 2180 1645 2243 blandimento
1669 2183 1981 2261 monebat,
2011 2184 2219 2245 dicens
2242 2204 2322 2245 ne
2342 2182 2571 2244 vellent
2597 2182 2693 2244 vel
2725 2184 2786 2243 in
2812 2183 3129 2245 modicum

1052 2269 1200 2333 viris
1231 2285 1518 2351 apparere
1559 2285 1664 2333 aut
1682 2291 1760 2331 ne
1790 2270 1994 2354 aliqua
2021 2272 2107 2334 eis
2131 2272 2365 2334 occafio
2388 2270 2738 2354 egrediendi
2770 2271 3128 2335 nasceretur.

1053 2354 1418 2421 Intrinsecus
1462 2357 1664 2420 lacum
1701 2357 1829 2421 fieri
1871 2360 2039 2422 iubet
2067 2359 2379 2422 &omnia
2420 2379 2811 2443 quecumque
2853 2362 3129 2442 corporis

1056 2444 1368 2508 necessitas
1410 2443 1681 2528 exigiss'et
1720 2447 1844 2528 ipsa
1872 2447 2189 2510 ministrari
2232 2448 2609 2509 abundanter
2655 2448 2845 2525 iubet,
2893 2462 3128 2509 tantum

1060 2549 1127 2596 ut
1155 2549 1445 2597 caverent
1473 2534 1746 2617 aspeaus
1775 2536 2068 2598 virorum.
2101 2535 2449 2618 Quomodo
2479 2551 2684 2597 autem
2707 2558 2807 2600 eas
2829 2536 3130 2599 instruens

1060 2622 1137 2683 de
1182 2621 1402 2685 divinis
1442 2623 1501 2686 &
1543 2624 1944 2701 orationibus,
1980 2623 2457 2704 cogitationibus
2494 2624 2720 2687 diaboli
2752 2624 3129 2707 perturbatas

1059 2709 1133 2771 ad
1183 2710 1345 2771 viam
1398 2709 1661 2773 Domini
1708 2712 2057 2791 revocabat,
2110 2733 2237 2774 non
2275 2710 2361 2773 est
2419 2712 2692 2774 nostrum
2750 2713 2976 2791 dicere,
3030 2713 3128 2774 sed
3156 2731 3194 2781 f.
3226 2747 3326 2795 251
3347 2752 3402 2794 a,
3429 2734 3518 2780 col.
3543 2748 3561 2780 1

1059 2813 1274 2860 eorum
1314 2798 1419 2882 qui
1450 2797 1740 2882 sapientia
1771 2799 2030 2884 pleniori
2057 2797 2293 2863 nostros
2322 2800 2611 2885 erro[re]s
2643 2799 2884 2878 poss'unt
2918 2822 3131 2865 emen-

1060 2886 1233 2961 ἀει-ες
1261 2909 1337 2949 ex
1367 2903 1538 2970 parte
1561 2904 1767 2951 autem
1795 2889 2055 2951 referam
2086 2887 2221 2971 post
2241 2889 2576 2972 paululum.
2607 2889 2759 2953 Erat
2788 2906 2993 2953 autem
3015 2891 3074 2954 ὅτ
3096 2912 3132 2952 a

1060 2976 1342 3056 turpibus
1372 2975 1526 3039 locis
1555 2976 1861 3040 abstraens
1890 2978 2178 3040 mulieres
2203 2993 2453 3061 propter
2490 2978 2929 3041 emulationem
2957 2979 3132 3040 casti-

1059 3064 1198 3126 tatis
1255 3063 1316 3126 &
1370 3063 1629 3127 offerens
1681 3063 1860 3143 De0,
1916 3064 2066 3128 illud
2118 3067 2308 3129 sciens
2358 3065 2675 3150 eloquium
2724 3067 2890 3149 quod
2948 3066 3131 3129 dicit:

1063 3172 1090 3211 ἐ
1130 3149 1457 3237 Quoniam
1487 3153 1593 3235 qui
1623 3153 1905 3216 eduxerit
1949 3154 2024 3216 de
2068 3155 2404 3236 inpudente
2443 3155 2774 3237 pretiosum
2824 3177 2893 3218 os
2922 3170 3131 3216 meum

1063 3267 1089 3300 ‹
1125 3241 1260 3304 erit.
1297 3266 1322 3298 ›
1372 3239 1456 3303 Et
1484 3242 1778 3324 quoniam
1822 3264 2037 3306 omnes
2066 3244 2121 3305 ei
2162 3243 2394 3306 subdite
2424 3241 2540 3305 effe
2572 3242 3131 3322 desiderarenssnon

1061 3329 1379 3414 adquiebit
1427 3331 1600 3411 prior
1641 3324 1759 3393 effe
1796 3330 2140 3416 monasterij
2174 3331 2260 3394 sui
2289 3347 2540 3414 propter
2578 3332 2834 3395 multam
2881 3331 3134 3393 humili-

1059 3433 1270 3497 tatem,
1313 3417 1398 3481 set
1431 3417 1640 3481 statuit
1684 3418 1866 3480 aliam
1897 3441 2016 3502 que
2047 3440 2148 3482 eas
2177 3434 2415 3502 regeret
2443 3418 2502 3481 &
2531 3418 2652 3502 ipsa
2677 3419 2870 3482 solum
2898 3423 2971 3482 ad
2996 3432 3132 3482 ora-

1061 3509 1296 3569 tionem
1351 3507 1412 3570 &
1453 3506 1742 3590 obsequia
1783 3507 2124 3569 sanaorum
2153 3523 2410 3571 vacaret.
2455 3505 2539 3570 Et
2579 3526 2771 3590 quum
2800 3508 3128 3590 aliquando

1060 3594 1244 3678 paulo
1293 3594 1503 3656 durior
1544 3592 1688 3657 effet
1731 3616 1853 3677 que
1895 3596 1982 3658 eis
2026 3595 2324 3678 preposita
2361 3596 2559 3658 fuerat
2600 3612 2811 3677 mater,
2848 3598 2964 3659 hec
2992 3596 3130 3658 bea·

1060 3684 1295 3761 tiffima,
1326 3703 1535 3745 amans
1565 3682 1819 3762 sorores,
1849 3682 2187 3747 summebat
2215 3706 2334 3767 que
2363 3701 2534 3746 erant
2575 3683 2693 3746 illis
2715 3682 3041 3748 necessaria
3066 3685 3131 3748 &

1060 3775 1122 3836 in
1165 3771 1416 3833 occulto
1460 3768 1705 3853 fingulis
1749 3793 1987 3854 ponens
2026 3772 2509 3836 subministrabat
2556 3774 2639 3834 ita
2681 3789 2748 3835 ut
2787 3772 2891 3835 ille
2929 3773 3129 3856 ingre-

1061 3860 1296 3923 dientes
1327 3873 1603 3941 paratum
1635 3860 1997 3938 invenirent,
2027 3861 2341 3943 ignorante
2369 3862 2484 3923 hec
2506 3876 2701 3923 matre
2728 3878 2955 3924 earum.
2985 3861 3127 3923 Vir-

1059 3949 1232 4031 gines
1273 3963 1478 4010 autem
1521 3964 1597 4010 ex
1642 3947 2083 4011 consuetudine
2133 3948 2564 4012 intellexerunt
2605 3946 2749 4031 quia
2797 3949 2973 4012 beata
3012 3948 3126 4011 hec

1060 4036 1314 4113 faceret3
1353 4037 1415 4098 in
1446 4051 1688 4099 tantum
1717 4052 1785 4099 ut
1812 4036 1998 4098 etiam
2029 4036 2229 4099 Lauso
2259 4036 2525 4117 cuidam,
2565 4036 2844 4119 religioso
2874 4037 3009 4099 viro
3050 4057 3127 4098 ex

1063 4124 1375 4207 prepositis
1415 4125 1562 4187 sacri
1612 4124 1905 4206 cubiculi,
1946 4125 2233 4188 scriberet
2268 4138 2337 4187 ut
2366 4125 2616 4207 inpenso
2660 4146 2769 4208 pro
2813 4126 3020 4187 meriti
3039 4123 3124 4186 sui

1061 4213 1268 4276 labore
1296 4212 1535 4276 iuberet
1571 4215 1657 4278 eis
1700 4215 1873 4278 fieret
1898 4215 2186 4277 valneum
2226 4214 2289 4276 in
2327 4213 2456 4296 ipso
2497 4214 2862 4278 monasterio
2889 4213 3126 4291 oliveti,

1061 4317 1131 4364 ut
1157 4302 1405 4386 quando
1432 4318 1592 4384 opus
1624 4302 1899 4382 aberent,
1925 4323 2053 4365 non
2085 4302 2145 4363 in
2169 4302 2481 4365 civitatem
2512 4301 2643 4388 (stc)
2675 4317 3038 4364 vexarentur
3063 4300 3125 4363 ὅτ
