3620 5680
1503 505 1715 603 (401)

823 741 946 803 Hic
973 744 1260 831 nemorosa
1289 743 1485 806 virent
1512 743 1798 826 Daphnae
1829 747 1970 826 loca,
2000 748 2147 837 celsa
2175 753 2464 835 cupreffus

823 839 1111 921 Erigitur,
1140 863 1327 903 ramos
1353 841 1575 903 innectit
1597 842 1802 906 laurus
1832 846 2024 924 odora,

827 936 997 999 Crine
1028 936 1300 1000 Dionaeo
1330 953 1543 1021 myrtus
1571 940 1939 1024 diffunditur,
1968 943 2103 1005 altae

827 1034 1190 1121 Consurgunt
1213 1037 1399 1119 pinus,
1430 1039 1496 1098 &⁷
1527 1038 1922 1124 coelumstbila
1942 1040 2183 1130 pulsant

824 1132 1081 1212 Robora,
1109 1134 1420 1196 mollicomis
1447 1136 1607 1198 tellus
1634 1137 1970 1219 insternitur
1997 1138 2200 1201 herbis.

836 1230 990 1293 Urbs
1018 1231 1205 1294 mediis
1234 1232 1518 1314 Apamea
1545 1233 1740 1295 dehinc
1768 1234 2002 1319 conststit
2026 1236 2083 1297 in
2115 1237 2301 1316 arvis,

825 1327 905 1389 Et
929 1351 1043 1409 qua
1073 1328 1383 1390 Phoebeam
1404 1331 1613 1411 procul
1633 1332 1985 1394 incunabula
2011 1333 2188 1395 lucem

831 1424 1037 1487 Prima
1057 1426 1280 1507 fovent,
1309 1424 1561 1489 Emesus
1572 1428 1829 1511 fastigia
1858 1429 2005 1517 celsa
2033 1431 2264 1493 renidet.

827 1523 994 1585 Nam
1025 1522 1243 1610 diffusa
1253 1521 1381 1608 solo
1410 1524 1558 1585 latus
1585 1525 1847 1606 explicat,
1877 1550 1943 1587 ac
1966 1527 2123 1614 subit
2147 1550 2327 1590 auras

836 1620 1124 1684 Turribus
1151 1621 1209 1682 in
1239 1621 1442 1683 coelum
1471 1622 1764 1685 nitentibus
1792 1646 1813 1684 .·
1839 1622 2020 1685 incola
2049 1624 2227 1687 claris

829 1718 941 1781 Cor
961 1720 1160 1799 studiis
1190 1719 1361 1797 acuit,
1371 1716 1494 1803 sed
1523 1721 1590 1781 δ’
1621 1720 1862 1802 amplius
1888 1723 2088 1783 imbuit
2113 1725 2259 1786 orde.
2327 1788 2342 1806 ,

825 1817 1086 1897 Denique
1091 1817 1470 1900 flammicomo
1499 1818 1687 1879 devoti
1704 1827 1935 1901 pebtora
1944 1820 2065 1909 soli

836 1914 1029 1978 Vitam
1059 1917 1279 1996 agitant
1300 1947 1326 1987 ;
1355 1915 1630 1978 Libanus
1641 1918 1935 2003 frondosa
1963 1920 2258 1982 cacumina
2286 1935 2473 2002 turget

828 2012 904 2074 Et
930 2026 1114 2074 tamen
1142 2012 1223 2074 his
1250 2013 1374 2095 celst
1400 2027 1623 2075 certant
1627 2015 1883 2099 fastigia
1912 2017 2114 2100 templi.

828 2113 952 2175 Hic
963 2114 1034 2204 se
1061 2114 1207 2175 indit
1230 2114 1392 2177 iuxta
1421 2116 1677 2178 tellurem
1698 2117 1940 2199 glaucus
1970 2119 2250 2183 Orontes

827 2211 954 2274 Nec
976 2213 1185 2294 procul
1205 2213 1502 2275 Antiochi
1535 2238 1721 2296 vagus
1747 2216 2120 2278 interlabitur
2149 2220 2364 2298 urbem,

835 2310 1303 2394 Praestringitque
1334 2311 1497 2373 undis
1527 2313 1870 2393 Apamenae
1897 2315 2100 2395 iugera
2121 2315 2323 2396 glebae.

825 2407 1055 2470 Fertilis
1081 2407 1165 2469 his
1193 2407 1370 2495 cespes
1388 2408 1770 2492 protenditur,
1799 2432 2064 2489 arvaque
2093 2412 2279 2474 amica

829 2507 971 2567 Sunt
986 2506 1196 2586 pecori,
1224 2506 1281 2565 in
1291 2506 1456 2588 setus
1463 2505 1673 2590 facilis
1702 2506 1952 2568 Pomona
1982 2509 2249 2597 resurgit,

827 2604 906 2666 Et
910 2603 1174 2687 secunda
1204 2601 1370 2665 Ceres
1398 2618 1589 2686 campo
1595 2604 1879 2691 flavescit
1906 2619 2113 2687 aperto,

830 2700 888 2761 Si
914 2701 1119 2788 rursus
1146 2701 1387 2782 tepidum
1416 2701 1521 2762 via
1549 2702 1880 2785 deflectatur
1907 2703 1965 2763 in
1996 2707 2275 2786 austrum,

830 2799 1039 2861 Curva
1055 2797 1220 2884 sinus
1249 2799 1437 2862 Arabi
1451 2799 1755 2889 succedent
1777 2822 2014 2880 aequora
2033 2815 2288 2885 propter.

828 2898 1098 2978 Namque
1128 2898 1367 2960 Arabes
1398 2897 1683 2980 Syriaeque
1698 2895 1894 2983 solum
1905 2898 2073 2983 finus
2099 2901 2122 2960 i
2168 2926 2192 2962 e
2199 2901 2420 2984 fluento

825 2997 1089 3074 Dividit,
1118 2998 1191 3056 &-
1214 2996 1371 3057 tentis
1392 2996 1599 3076 procul
1619 2996 2039 3080 interfunditur
2067 2998 2230 3060 undis
2258 3022 2278 3060 .·

826 3095 904 3157 Et
927 3108 1111 3155 tamen
1141 3117 1251 3156 eoos
1277 3093 1516 3175 paulum
1543 3092 1857 3155 inclinatur
1886 3095 1943 3155 in
1974 3118 2124 3173 axes,

836 3192 1024 3281 Usque
1051 3191 1108 3252 in
1140 3191 1396 3273 belligeri
1422 3190 1660 3275 confinia
1673 3193 1871 3276 flexus
1898 3190 2099 3254 Elani.
2131 3217 2155 3249 ›

2571 536 2697 610 115

769 3327 1060 3396 [Descriptio
1102 3325 1233 3378 orbis
1278 3336 1447 3390 terrae,
1490 3325 1611 3376 vers.
1661 3330 1792 3390 1056
1808 3356 1829 3364 -
1846 3343 1975 3389 1103
2020 3325 2129 3394 (ed.
2164 3326 2375 3392 Mfiner,
2415 3329 2703 3398 Geographi

613 3407 779 3477 graeci
799 3406 1027 3472 minores,
1053 3406 1231 3473 Paris„
1260 3411 1413 3470 1861,
1439 3407 1509 3470 11,
1533 3423 1617 3474 pp.
1650 3410 1768 3471 186,
1797 3407 1964 3472 187).]

155 3663 368 3740 401,
415 3663 591 3736 apr.
623 3636 686 3706 S.
719 3636 1199 3705 PoRPHYRIUs
1250 3638 1356 3727 (de
1404 3662 1520 3726 quo
1556 3640 1753 3730 supra
1790 3638 1870 3704 ad
1906 3663 2000 3704 an.
2044 3635 2242 3730 382),
2294 3638 2697 3722 IOHANNES,

627 3745 1007 3835 Coesarienfis
1069 3749 1129 3811 in
1192 3744 1513 3838 Palaestina
1573 3745 1905 3837 episcopus,
1943 3743 2004 3812 6³
2057 3742 2375 3812 MARCUS
2410 3745 2701 3812 diaconus

627 3851 1151 3942 Constantinopoli
1202 3851 1581 3940 aliquamdiu
1616 3854 1863 3937 morati,
1903 3855 1965 3918 in
2008 3851 2391 3938 Palaestinam
2424 3853 2693 3919 redeunt.

622 3956 1026 4026 CYNEGIUS
1058 3959 1129 4024 ab
1156 3958 1427 4025 Eudoxia
1455 3960 1840 4049 imperatrice
1871 3958 2098 4049 Gazam
2125 3960 2406 4024 mittitur.
2453 3968 2608 4035 (129)

773 4106 1012 4174 [Marcus
1039 4105 1300 4169 diaconus,
1328 4103 1509 4172 Vitas.
1531 4103 1802 4173 Porphyrij‚
1831 4121 1878 4156 c.
1894 4105 2010 4170 v11,
2033 4106 2085 4167 ἕξ
2107 4122 2194 4171 51-
2204 4123 2270 4171 54
2295 4130 2309 4172 3
2335 4122 2416 4157 cc.
2440 4106 2577 4169 VIII,
2605 4105 2698 4168 IX,

620 4190 681 4251 ἐξ
708 4191 887 4251 63-66,
918 4191 983 4252 69
1017 4185 1175 4252 (cuius
1203 4184 1345 4252 vers]
1369 4186 1454 4237 lat.
1482 4195 1564 4254 ap.
1581 4188 1687 4237 AA.
1707 4183 1940 4249 SS.Boll.,
1970 4186 2147 4249 Febr.,
2169 4186 2266 4251 111,
2296 4203 2379 4254 pp.
2397 4183 2697 4253 654·657)·]

705 4291 814 4362 (Cf.
839 4293 1026 4345 Itinera
1042 4310 1235 4362 graeca,
1260 4293 1319 4359 Ι.)
