3620 5680
1053 544 1140 593 22
1676 582 1685 601 ,
1896 520 2283 618 (217-230)

1119 759 1413 825 [Usum-dm,
1453 758 1863 828 Margyrologium
1902 762 2029 825 (AA.
2061 762 2139 811 SS.
2176 759 2319 825 Boll.,
2360 762 2521 813 Mart.
2549 763 2619 826 11,
2653 764 2816 828 614);
2866 762 2932 814 cf.
2962 761 3110 825 Ado,

1045 841 1261 909 Margyr.
1290 839 1456 904 (Ibid.,
1483 857 1532 907 p.
1562 840 1729 908 614).]

1129 960 1155 992 ‹
1191 934 1563 1013 Alexander,
1616 955 1759 997 cum
1818 933 2267 1023 Hierosolymam
2312 935 2602 998 adorandi
2648 936 2708 999 &
2764 935 3111 998 sanc'torum

1046 1022 1328 1084 locorum
1358 1022 1604 1083 videndi
1645 1023 1835 1105 gratia
1865 1024 2229 1104 properavit,
2265 1022 2602 1086 revelatum
2641 1022 2727 1085 est
2756 1024 2935 1085 beato
2980 1023 3111 1083 viro

1046 1109 1346 1188 Narciflb,
1373 1109 1476 1171 fibi
1507 1109 1566 1172 δι
1596 1111 1726 1173 aliis
1768 1111 1845 1174 de
1875 1110 2074 1193 plebe,
2097 1127 2165 1173 ut
2194 1111 2391 1194 ipsum
2433 1113 2496 1174 in
2526 1114 2669 1175 loco
2713 1111 2917 1173 saneto
2956 1111 3112 1193 epis-

1047 1221 1273 1281 copum
1305 1199 1666 1262 detinerent.
1696 1225 1721 1256 ›

1191 1310 1353 1376 [Gesta
1376 1309 1695 1378 epifi-oporam
1718 1309 2252 1377 Hierosblimitanorum
2279 1310 2491 1380 (Delpit,
2529 1310 2663 1378 Effai
2687 1310 2792 1377 sur
2829 1309 2897 1363 les
2926 1309 3112 1379 pileri-

1047 1407 1200 1459 nages
1224 1392 1258 1441 ὰ
1284 1390 1591 1456 Jbrusalem,
1618 1409 1665 1460 p.
1702 1410 1782 1457 19,
1807 1410 1868 1443 ex
1896 1391 1983 1442 ms.
2014 1390 2381 1458 Caduinenfi).]

1191 1488 1302 1557 (Cf.
1334 1488 1604 1552 Eusebius»,
1646 1488 1762 1557 Hist.
1797 1488 1928 1553 eccl„
1963 1487 1999 1540 l.
2032 1489 2117 1551 VI,
2151 1504 2194 1538 c.
2225 1506 2276 1537 11
2308 1488 2356 1539 δι
2384 1507 2474 1553 203
2511 1487 2829 1556 Nicephorus
2867 1486 3117 1553 Callistus»,

1047 1568 1167 1635 Hist.
1200 1567 1331 1632 eccl„
1368 1567 1398 1618 l.
1426 1572 1488 1632 V,
1524 1585 1571 1619 c.
1603 1585 1631 1632 9
1660 1572 1708 1620 δι
1741 1586 1802 1619 10
1839 1567 2064 1635 [Migne,
2107 1569 2243 1619 Patr.
2271 1584 2377 1634 ἔν.,
2421 1569 2541 1633 XX,
2585 1585 2705 1634 541,
2741 1584 2862 1635 572,
2904 1569 3112 1634 CXLV,

1047 1666 1090 1701 c.
1125 1646 1490 1716 ¹083-1o9o].)

1121 1727 1236 1797 (Cf.
1270 1726 1457 1780 Itinera
1475 1744 1671 1795 ἔνατα,
1692 1726 1762 1795 1.)

883 1866 1023 1936 217
1051 1852 1438 1938 CLEMENS,
1476 1855 1783 1944 episcopus
1818 1853 2299 1923 (Alexandrinus.
2324 1865 2447 1932 (17)

1134 1999 1161 2031 ι
1216 1971 1425 2034 Exstat
1468 1972 1824 2050 Alexandri,
1879 1972 2394 2060 Hierosolymorum
2450 1975 2739 2058 episcopi,
2809 1972 2911 2055 qui
2967 1991 3116 2032 cum

1048 2059 1332 2126 Narcisso
1376 2060 1582 2142 postea
1629 2061 1783 2122 rexit
1833 2058 2170 2141 ecclefiam,
2212 2064 2466 2146 epistola
2509 2064 2683 2145 super
2724 2060 3114 2123 ordinatione

1050 2150 1425 2231 Asclepiadis
1473 2146 1824 2212 confessoris
1866 2151 1938 2211 ad
1985 2151 2455 2232 Antiochenses,
2493 2149 2969 2235 congratulantis
3011 2147 3118 2224 eis,

1048 2241 1111 2301 in
1142 2260 1261 2321 qua
1291 2240 1467 2319 ponit
1495 2238 1555 2299 in
1578 2236 1736 2300 fine:
1793 2265 1817 2295 α
1844 2238 1994 2300 Haec
2025 2240 2218 2319 vobis,
2263 2243 2498 2304 domini
2537 2263 2605 2303 ac
2636 2241 2868 2316 fratres,
2895 2236 3115 2316 scripta

1054 2354 1079 2386 ‹
1109 2325 1399 2389 transmisi
1430 2347 1537 2408 per
1568 2325 1962 2389 Clementem
1991 2329 2236 2390 beatum
2261 2330 2702 2413 presbyterum,
2721 2329 2922 2388 virum
2952 2321 3114 2386 illus-

1053 2441 1079 2473 ‹
1109 2431 1261 2477 trem
1291 2413 1350 2475 &
1381 2414 1724 2495 probatum,
1747 2436 1934 2497 quem
1962 2438 2073 2479 vos
2104 2440 2354 2501 quoque
2385 2419 2564 2496 scitis,
2588 2417 2646 2479 &
2676 2436 2840 2478 nunc
2873 2411 3111 2495 plenius

1054 2528 1081 2565 «
1112 2501 1579 2585 recognoscetis,
1620 2504 1723 2584 qui
1760 2524 1904 2565 cum
1939 2505 2060 2565 huc
2092 2504 2342 2569 venisset
2384 2509 2552 2569 iuxta
2584 2502 3033 2587 providentiam
3060 2499 3119 2562 &

1052 2615 1080 2653 ‹
1114 2590 1519 2653 visitationem
1550 2591 1697 2670 Dei,
1723 2590 2112 2654 confirmavit
2141 2594 2200 2657 δι
2229 2597 2396 2658 auxit
2430 2594 2690 2656 Domini
2723 2589 3054 2653 ecclesiam.
3086 2612 3111 2644 ι»

1193 2712 1263 2775 [8.
1305 2708 1667 2780 Hieronymus»,
1714 2711 1792 2761 De
1833 2708 1973 2763 viris
2006 2711 2290 2778 illustribus,
2326 2730 2369 2765 c.
2412 2708 2473 2777 3‘8
2512 2711 2745 2780 (Migne,
2782 2706 2967 2761 Patrol.
3010 2705 3119 2769 lat„

1051 2790 1248 2855 ΧΧΠΙ,
1272 2807 1319 2842 c.
1351 2790 1519 2860 687).]

889 2944 1020 3025 225
1056 2925 1418 2995 “MULIER
1453 2895 1718 3017 quoedam
1754 2956 1785 2996 e
1823 2930 2233 3020 Cappadocia,
2278 2956 2403 3019 quoe
2442 2930 2521 3021 se
2575 2955 2610 2994 a
2658 2926 3020 2995 doemonibus
3057 2927 3117 2990 in

1053 3034 1537 3125 Hierosolymam
1561 3036 1803 3127 pluries
1839 3042 2177 3125 translatam
2214 3037 2512 3127 afferebat.
2557 3046 2676 3113 (18)

1196 3167 1256 3230 [F
1260 3164 1548 3230 irmilianuS,
1590 3164 1732 3234 Epist.
1765 3165 1900 3232 ads.
1929 3166 2223 3235 Cyprianum
2268 3170 2340 3234 (S.
2378 3165 2680 3237 CyprianuS,
2723 3163 2859 3232 Epist.
2912 3181 2995 3229 75,
3041 3161 3117 3213 ed.

1055 3251 1240 3310 Oxou„
1263 3246 1331 3310 11,
1358 3245 1535 3315 222).]
1714 3292 1722 3302 ,

1126 3331 1238 3400 (Cf.
1264 3331 1455 3384 Itinera
1470 3351 1663 3401 ἔνατα,
1693 3334 1763 3403 Ι.)

790 3487 850 3531 c.
886 3480 1026 3558 230
1053 3462 1111 3533 S.
1147 3463 1661 3549 FIRM1L1ANUS‚
1701 3468 2010 3558 episcopus
2047 3470 2447 3562 Caesarienfis.
2492 3491 2616 3559 (19)

1138 3609 1163 3640 <
1203 3581 1475 3668 Quantae
1519 3598 1722 3644 autem
1765 3583 1977 3666 gloriae
2018 3586 2200 3647 fuerit
2251 3584 2627 3668 [Origenes],
2670 3584 2811 3645 hinc
2848 3598 3119 3666 apparet,

1054 3673 1219 3755 quod
1250 3669 1302 3732 F
1304 3670 1661 3751 irmilianus,
1692 3670 1981 3757 Caesareae
2009 3674 2351 3755 episcopuS,
2380 3694 2524 3735 cum
2555 3673 2723 3733 omni
2757 3671 3118 3755 Cappadocia

1053 3781 1197 3824 eum
1225 3760 1524 3838 invitavit,
1553 3760 1612 3823 δι
1641 3761 1746 3822 diu
1765 3763 1982 3841 tenuit,
2004 3762 2063 3825 δι
2080 3763 2285 3845 postea
2306 3762 2410 3824 sub
2435 3761 2752 3824 occasione
2778 3761 3120 3823 sanctorum

1053 3850 1332 3912 locorum
1363 3849 1728 3928 Palaestinam
1772 3852 2043 3930 venienS,
2073 3852 2177 3913 diu
2221 3852 2505 3938 Caesareae
2554 3851 2615 3912 in
2661 3848 2877 3912 sanctis
2908 3849 3115 3931 Scrip-

1055 3941 1201 4002 turis
1231 3939 1307 4000 ab
1335 3961 1410 4000 eo
1442 3942 1712 4003 eruditus
1741 3942 1842 4004 est.
1880 3966 1906 3998 »

1194 4057 1265 4128 [S.
1305 4059 1664 4131 HieronymuS,
1694 4063 1766 4112 De
1794 4060 1935 4113 viris
1956 4060 2115 4129 illust„
2139 4077 2181 4111 c.
2214 4077 2280 4126 54
2306 4057 2539 4128 (Migne,
2570 4057 2752 4111 Patrol.
2778 4056 2888 4121 lat„
2927 4055 3124 4117 XXIII,

1092 4175 1105 4189 .
1144 4143 1175 4190 6
1286 4178 1298 4192 .

1054 4156 1086 4207 p
1123 4138 1528 4301 (C9f.⁹)E]usebiuS,
1554 4239 1674 4307 Hist.
1697 4238 1829 4305 eccl„
1849 4240 1883 4291 l.
1912 4240 1997 4305 v1,
2024 4254 2070 4291 c.
2100 4255 2162 4300 27
2201 4237 2436 4306 (Migne,
2466 4239 2602 4290 Patr.
2628 4255 2739 4305 ἔν.,
2763 4238 2889 4301 XX,
2922 4252 2964 4285 c.
2996 4232 3121 4301 583)

1055 4320 1103 4371 &
1126 4320 1318 4372 Itinera
1335 4338 1531 4389 ἔνατα,
1563 4320 1634 4389 Ι.)
