3620 5680
931 613 974 688 8
1880 611 2040 715 (79)

931 855 1056 943 ipsa
1078 877 1213 936 gens
1245 853 1578 916 Phoenicum
1617 854 1674 914 in
1716 877 1933 936 magna
1971 855 2166 937 gloria
2207 856 2533 919 litterarum
2580 857 2909 920 inventionis
2939 852 3006 918 ἔθ’

923 954 1195 1036 siderum,
1222 952 1636 1034 navaliumque
1666 977 1733 1015 ac
1764 954 2097 1017 bellicarum
2127 956 2359 1018 artium.

1012 1060 1132 1132 (14)
1157 1050 1219 1113 A
1236 1047 1472 1113 Pelufio
1505 1051 1792 1114 Chabriae
1816 1054 2028 1136 castra,
2055 1048 2264 1115 Cafius
2296 1073 2495 1130 monS,
2523 1053 2821 1115 delubrum
2854 1053 3007 1116 Iovis

932 1147 1110 1234 Casij,
1132 1149 1377 1210 tumulus
1395 1148 1592 1229 magni
1614 1148 1858 1229 Pompei.
1886 1147 2209 1211 Ostracine
2234 1148 2462 1210 Arabia
2468 1147 2704 1233 finitur,
2732 1174 2769 1212 a
2794 1150 3010 1236 Pelusio

931 1246 1054 1308 lxv.
1095 1271 1167 1309 m.
1208 1245 1500 1330 paffieum.
1556 1247 1674 1327 (13)
1721 1245 1877 1308 Mox
1920 1243 2193 1308 Idumaea
2234 1246 2426 1328 incipit
2465 1248 2532 1307 Εἴ
2578 1245 2890 1310 Palaestina
2935 1251 3008 1311 ab

933 1346 1149 1435 emersu
1179 1343 1454 1407 Sirbonis
1483 1344 1661 1422 lacus,
1690 1360 1848 1424 quem
1877 1345 2107 1424 quidam
2136 1344 2203 1406 cl.
2223 1368 2295 1406 m.
2305 1347 2578 1429 paffitum
2608 1345 2845 1407 circuitu
2880 1362 3010 1409 tra-

937 1442 1144 1505 didere.
1176 1442 1501 1505 Herodotus
1531 1441 1695 1527 Casio
1735 1443 1907 1505 monti
1934 1444 2226 1526 adplicuit,
2254 1466 2399 1504 nunc
2450 1446 2525 1526 est
2564 1444 2738 1527 palus
2776 1446 3005 1508 modica.

937 1539 1175 1623 Oppida
1191 1539 1615 1602 Rhinocolura
1645 1542 1712 1600 Εἴ
1739 1540 1885 1602 intus
1900 1539 2175 1621 Raphea,
2196 1539 2377 1604 Gaza
2394 1542 2459 1600 Εἴ
2484 1540 2629 1603 intus
2652 1543 3009 1622 Anthedon,

934 1660 1083 1700 mons
1100 1637 1366 1719 Argaris.
1395 1637 1572 1719 Regio
1594 1653 1700 1719 per
1725 1661 1885 1700 oram
1908 1637 2192 1716 Samaria,
2220 1638 2478 1721 oppidum
2501 1637 2724 1700 Ascalo
2747 1639 3010 1716 liberum,

937 1735 1201 1813 Azotos,
1229 1732 1494 1796 Iamneae
1535 1736 1685 1814 duae,
1714 1736 1904 1798 altera
1934 1740 2096 1799 intus.
2127 1733 2279 1818 Iope
2311 1735 2699 1815 Phoenicum,
2729 1735 3012 1816 antiquior

934 1848 1231 1895 terrarum
1260 1833 1638 1911 inundatione,
1662 1848 1726 1894 ut
1724 1835 1959 1917 serunt,
1983 1833 2181 1919 insidet
2204 1835 2390 1896 collem
2403 1835 2925 1922 praeiacentesaxo,
2954 1833 3010 1894 in

937 1956 1039 2014 quo
1055 1930 1411 1993 vinculorum
1426 1929 1794 1993 Andromedae
1808 1932 2048 2016 vestigia
2065 1935 2362 2015 ostendunt.
2377 1933 2598 1996 Colitur
2614 1933 2729 1994 illic
2726 1931 2987 2018 sabulos
2975 1957 3011 1993 a

939 2031 1078 2092 Ceto.
1097 2030 1238 2091 Inde
1253 2028 1613 2110 Apollonia,
1636 2029 1911 2092 Stratonis
1932 2031 2134 2108 turris,
2149 2032 2340 2093 eadem
2360 2031 2656 2109 Caesarea,
2680 2034 2752 2092 ab
2778 2029 3013 2092 Herode

936 2152 1065 2210 rege
1083 2128 1478 2205 condita,nunc
1500 2127 1748 2189 colonia
1771 2126 1973 2189 Prima
1995 2126 2225 2206 Flavia,
2242 2154 2278 2190 a
2306 2128 2651 2215 Vespasiano
2676 2128 3012 2210 imperatore

937 2228 1188 2289 deducta.
1203 2225 1361 2286 Finis
1379 2225 1708 2308 Palaestines
1726 2225 2043 2308 clxxx-viiij.
2065 2250 2138 2287 m.
2153 2242 2235 2308 pa
2237 2227 2426 2309 ffuum
2444 2250 2479 2287 a
2503 2226 2729 2312 confinio
2745 2226 2807 2287 A
2809 2225 3009 2287 rabiae.

939 2325 1094 2386 Dein
1114 2323 1409 2394 Phoenice;
1431 2323 1579 2383 intus
1602 2336 1787 2383 autem
1805 2322 2109 2402 Samariae,
2126 2324 2330 2407 oppida
2350 2325 2672 2406 Neapolis,
2689 2324 2837 2405 quod
2846 2336 3014 2397 antea

943 2420 1305 2483 Mamortha
1326 2419 1638 2497 dicebatur,
1662 2418 1901 2481 Sebaste
1926 2421 1981 2481 in
2006 2435 2200 2498 monte,
2224 2423 2291 2482 Εἴ
2316 2421 2516 2483 altiore
2540 2421 2825 2485 Gamala.

1026 2537 1097 2598 14
1127 2525 1264 2597 (15).
1296 2517 1488 2600 Supra
1534 2517 1849 2579 Idumaeam
1895 2520 1961 2578 &
2005 2519 2317 2581 Samaritin
2359 2515 2566 2580 Iudaea
2607 2518 2762 2600 longe
2797 2517 3015 2598 lateque

921 2616 1222 2699 funditur.
1260 2614 1413 2676 Pars
1442 2615 1556 2675 eius
1584 2614 1767 2696 Syriae
1796 2616 1987 2677 iuncta
2027 2614 2284 2678 Galilaea
2314 2631 2575 2694 vocatur,
2598 2615 2847 2678 Arabiae
2878 2637 3014 2675 vero

942 2718 1008 2776 ἅθ’
1030 2715 1258 2795 AEgypto
1279 2727 1562 2795 proxuma
1587 2710 1808 2790 Peraea,
1841 2714 2059 2798 asperis
2089 2715 2343 2802 dispersa
2378 2715 2645 2776 montibus
2668 2716 2734 2774 ἅθ’
2757 2738 2792 2775 α
2824 2714 3015 2775 ceteris

942 2811 1150 2873 Iudaeis
1171 2810 1416 2872 Iordane
1445 2832 1606 2872 amne
1636 2810 1895 2899 discreta.
1918 2809 2170 2892 Reliqua
2195 2809 2402 2874 Iudaea
2429 2812 2714 2875 dividitur
2732 2811 2788 2872 in
2819 2824 3013 2891 topar-

941 2910 1094 2972 chias
1130 2933 1210 2987 x.,
1238 2932 1341 2989 quo
1380 2909 1616 2970 dicemus
1660 2910 1852 2971 ordine
1879 2935 1899 2970 .·
1944 2910 2397 2990 Hiericuntem,
2433 2911 2695 2994 palmetis
2736 2908 3011 2993 consttam‚

923 3008 1186 3091 fontibus
1214 3008 1464 3089 riguam,
1495 3007 1849 3085 Emmaum,
1880 3006 2185 3090 Lyddam,
2224 3005 2522 3090 Iopicam,
2556 3006 3013 3082 Acrebitenam,

945 3104 1959 3187 Gophaniticam,Thamniticam,
1992 3105 2630 3188 Betholeptephenen,
2663 3104 2927 3181 Orinen,
2957 3104 3013 3163 in

941 3226 1056 3284 qua
1067 3205 1248 3287 fuere
1277 3203 1723 3286 Hierosolyma,
1740 3205 1893 3285 longe
1933 3204 2241 3288 clarifflma
2272 3204 2498 3266 urbium
2528 3204 2751 3266 orientis
2778 3226 2882 3263 non
2913 3201 3015 3262 Iu-

944 3302 1087 3362 daeae
1117 3301 1288 3378 modo,
1319 3300 1668 3361 Herodium
1699 3323 1820 3361 cum
1852 3301 2041 3382 oppido
2073 3300 2303 3382 inlustri
2329 3298 2573 3384 eiusdem
2602 3300 2850 3361 nominis.

1031 3417 1119 3478 15.
1150 3395 1438 3461 Iordanes
1470 3398 1650 3460 amnis
1679 3398 1864 3459 oritur
1894 3422 1918 3459 e
1927 3400 2095 3481 fonte
2119 3396 2404 3476 Paniade,
2434 3399 2530 3479 qui
2556 3420 2840 3479 cognomen
2869 3396 3021 3457 dedit

947 3495 1235 3559 Caesareae
1263 3497 1328 3557 de
1358 3519 1470 3577 qua
1499 3496 1756 3573 dicemus,
1774 3497 1958 3558 amnis
1979 3498 2316 3557 amoenus&
2334 3512 2600 3577 quatenus
2621 3495 2861 3556 locorum
2870 3492 3018 3578 situs

936 3594 1164 3676 patitur
1183 3593 1502 3682 ambitiosus
1522 3593 1823 3682 accolisque
1836 3594 1909 3681 se
1923 3593 2376 3675 praebens,velut
2402 3593 2616 3655 invitus
2629 3591 3014 3673 Asphaltiten

945 3692 1133 3753 lacum
1151 3692 1341 3752 dirum
1356 3705 1576 3753 natura
1583 3692 1740 3773 petit,
1751 3717 1787 3753 a
1803 3715 1905 3773 quo
1912 3694 2181 3773 postremo
2197 3692 2437 3753 ebibitur
2451 3690 2733 3777 aquasque
2748 3689 3019 3751 laudatas

937 3791 1137 3872 perdit
1147 3789 1523 3874 pestilentibus
1543 3790 1764 3852 mixtas.
1790 3789 1945 3871 Ergo
1970 3790 2068 3850 ubi
2079 3790 2278 3872 prima
2300 3789 2644 3850 convallium
2649 3787 2785 3872 fuit
2802 3784 3018 3870 occasio,

948 3889 1004 3949 in
1021 3888 1208 3949 lacum
1212 3888 1282 3976 se
1287 3888 1500 3970 fundit
1520 3910 1675 3967 quem
1684 3887 1882 3971 plures
1895 3887 2272 3951 Genesaram
2291 3887 2646 3967 vocant,xvj.
2660 3910 2731 3946 m.
2742 3901 2826 3969 pa
2827 3883 3017 3967 ffieum

946 3983 1323 4065 longitudinis,
1351 3985 1434 4066 vj.
1465 4008 1536 4045 m.
1568 3984 1904 4062 latitudinis,
1943 3985 2179 4047 amoenis
2208 3984 2655 4069 circumsaeptum
2686 3982 2915 4067 oppidis,
2945 3981 3017 4040 ab

949 4082 1152 4143 oriente
1167 4080 1400 4144 Iuliade
1422 4084 1489 4143 ἔθ’
1507 4083 1743 4165 Hippo,
1760 4107 1796 4144 a
1819 4083 2049 4144 meridie
2064 4083 2392 4160 Tarichea,
2407 4105 2508 4164 quo
2528 4083 2739 4143 nomine
2756 4080 3018 4161 aliqui&

948 4179 1135 4241 lacum
1160 4180 1469 4263 appellant,
1494 4183 1566 4242 ab
1590 4181 1851 4242 occidente
1867 4180 2205 4242 Tiberiade
2230 4181 2389 4260 aquis
2408 4180 2605 4241 calidis
2611 4179 2869 4269 salubri.

1036 4279 1122 4341 16.
1155 4278 1527 4362 Asphaltites
1569 4279 1718 4341 nihil
1749 4293 1969 4361 praeter
2016 4279 2254 4340 bitumen
2292 4278 2495 4360 gignit,
2524 4279 2667 4339 unde
2705 4279 2771 4338 ἐῢ
2810 4299 3015 4337 nomen.

950 4375 1201 4438 Nullum
1231 4392 1427 4461 corpus
1456 4378 1790 4439 animalium
1821 4378 2037 4460 recipit,
2066 4377 2230 4439 tauri
2257 4377 2557 4457 camelique
2574 4377 2864 4461 fluitant;
2895 4374 3019 4438 inde
