3620 5680
1021 498 1154 598 146
1941 495 2152 594 (420)

1009 733 1106 795 sed
1137 734 1343 795 divina
1390 733 1717 797 clementia
1764 733 1970 795 aetum
2000 732 2102 811 est,
2152 734 2316 817 quod
2360 733 2559 795 samita
2606 753 2753 793 crux
2797 752 2832 793 a
2858 732 3069 793 nefan-

1008 824 1225 884 dorum
1274 823 1509 884 feritate
1556 822 1756 883 inlaesa
1806 821 2144 902 permanfit,
2192 820 2342 885 ficut
2388 821 2471 883 est
2500 820 2704 899 hodie,
2753 820 2811 883 δι
2855 822 3070 903 praeci-

1008 932 1198 993 puum
1246 932 1400 993 opus
1449 909 1686 993 aedificij
1740 932 1775 973 a
1822 910 2025 972 valido
2071 910 2275 974 calore
2319 911 2473 995 ignis
2503 910 2765 974 inustum
2809 931 2917 992 per
2946 910 3069 971 vir-

1006 1016 1200 1063 tutem
1228 999 1445 1063 sanCtae
1472 1000 1671 1062 crucis
1700 1000 1919 1061 extitit.

1091 1115 1116 1147 α
1152 1109 1238 1169 14.
1270 1087 1460 1151 Aliud
1482 1110 1652 1167 vero,
1680 1089 1846 1170 quod
1878 1110 2100 1172 magno
2131 1110 2317 1172 opere
2339 1090 2526 1173 gestit,
2556 1113 2680 1152 non
2704 1091 2790 1154 est
2805 1093 3068 1155 reticen-

1006 1180 1173 1241 dum.
1223 1176 1308 1240 Et
1346 1177 1581 1240 mensus
1627 1177 1729 1255 est,
1771 1199 1914 1239 cum
1960 1175 2105 1239 effet
2151 1177 2579 1267 Hierosolymae,
2628 1196 2780 1263 quot
2822 1180 3069 1243 calamis

1012 1265 1282 1350 Golgotha
1325 1266 1567 1328 distaret
1616 1288 1651 1327 a
1677 1280 1851 1329 monte
1882 1266 2103 1330 oliveti
2113 1288 2127 1328 :
2179 1267 2399 1330 eodem
2449 1269 2638 1331 modo
2669 1271 2751 1333 ibi
2796 1270 2855 1333 δι
2897 1293 3070 1333 men-

1007 1356 1099 1420 sus
1142 1355 1262 1431 est3
1314 1357 1376 1417 in
1419 1371 1590 1439 grata
1632 1353 1882 1437 planitie
1928 1355 2088 1419 illius
2130 1357 2252 1418 loci
2297 1374 2575 1421 montem
2616 1360 2915 1439 condidit,
2963 1361 3066 1443 qui

1007 1446 1192 1529 usque
1235 1446 1296 1506 in
1339 1442 1692 1526 praesentem
1737 1444 1898 1506 diem
1950 1468 2099 1507 mons
2147 1446 2366 1509 oliveti
2390 1464 2666 1529 vocatur,
2710 1471 2895 1532 quem
2925 1471 3069 1511 cum

1007 1555 1229 1618 magno
1274 1532 1489 1594 sudore
1520 1531 1579 1594 δι
1607 1534 1902 1595 exercitio
1942 1534 2256 1612 inaltavit3
2305 1535 2364 1598 δι
2392 1535 2636 1600 aliunde
2666 1560 2739 1600 ex
2771 1537 3070 1621 imperiali

1008 1624 1211 1687 edieto
1243 1640 1461 1687 terram
1498 1623 1706 1684 fodere
1736 1622 1795 1685 δι
1823 1623 2171 1686 conducere
2203 1623 2364 1686 fecit.
2409 1625 2724 1709 Siquidem
2753 1628 2814 1689 in
2844 1629 3071 1690 vertice

1008 1713 1235 1776 montis
1262 1713 1444 1775 huius
1474 1711 1910 1773 monasterium
1947 1713 2010 1774 in
2039 1713 2276 1776 honore
2319 1714 2502 1776 sanciti
2532 1712 2781 1779 Ioannis
2811 1737 3071 1798 evange-

1007 1800 1155 1863 listae
1172 1802 1339 1863 omni
1354 1799 1668 1882 diligentia
1682 1821 1827 1861 cum
1844 1802 2235 1864 eminentiori
2253 1801 2532 1882 aedificio,
2548 1802 2794 1867 excelfis
2806 1805 3069 1867 turribus

1006 1889 1263 1952 studiose
1319 1888 1668 1951 construxit.
1725 1886 1798 1950 In
1857 1890 2062 1951 medio
2119 1907 2322 1952 autem
2382 1892 2594 1975 templi
2652 1895 2872 1956 atrium
2927 1915 3070 1956 cum

1006 1978 1312 2041 columnis
1344 1976 1748 2060 pretiosorum
1778 1977 2053 2060 lapidum
2086 1981 2258 2042 tereti
2291 1981 2523 2043 circulo
2554 1982 2707 2044 mire
2737 1983 3071 2059 exornavit,

1007 2067 1065 2130 δε
1095 2065 1480 2144 vestibulum,
1510 2067 1675 2149 quod
1708 2082 1838 2129 erat
1867 2083 2009 2130 ante
2031 2069 2273 2147 atrium,
2302 2070 2541 2133 vestivit
2570 2071 2747 2134 variis
2771 2070 3070 2154 lapidibus

1005 2154 1182 2218 lactei
1213 2154 1439 2217 coloris
1483 2177 1625 2217 cum
1655 2154 1966 2220 coelaturis
1995 2156 2128 2220 suis.
2170 2156 2432 2222 Parietes
2461 2175 2667 2222 autem
2698 2160 2885 2223 totius
2923 2160 3069 2221 aedi-

1005 2243 1152 2328 ficij‚
1181 2244 1310 2327 atrij
1359 2243 1418 2306 δι
1457 2243 1734 2306 vestibuli
1764 2246 2243 2330 circumquaque
2292 2249 2352 2308 in
2405 2249 2666 2311 circuitu
2718 2270 2824 2330 per
2868 2250 3070 2332 girum

1008 2332 1275 2417 pulchris
1307 2332 1555 2415 pieturis
1586 2331 1875 2395 decorare
1899 2332 2141 2395 studuit.
2173 2334 2232 2395 A
2259 2334 2412 2416 pede
2435 2336 2662 2397 montis
2685 2335 2863 2398 huius
2886 2334 3072 2418 usque

1008 2423 1081 2484 ad
1112 2423 1406 2483 verticem
1445 2419 1712 2482 ascensus
1759 2437 1884 2483 erat
1913 2443 2019 2504 per
2061 2443 2435 2485 marmoreos
2463 2425 2702 2505 gradus.
2751 2420 2824 2486 In
2863 2424 3069 2485 medio

1008 2510 1141 2593 atrij
1176 2509 1482 2587 est·locus,
1511 2531 1585 2570 ex
1614 2530 1762 2592 qu0,
1791 2511 2178 2574 cernentibus
2209 2511 2534 2594 discipuliS,
2565 2511 2840 2576 Christus
2869 2511 3072 2574 ascen-

1007 2599 1097 2662 dit
1136 2600 1194 2661 in
1225 2598 1473 2663 coelum.
1525 2597 1596 2659 ln
1649 2597 1870 2660 eodem
1911 2619 2056 2661 vero
2104 2599 2246 2663 loco
2296 2600 2550 2682 Spiritus
2601 2601 2854 2663 Sanetus
2904 2602 3072 2663 venit

1008 2689 1183 2771 super
1226 2710 1352 2766 e08‚
1400 2688 1458 2751 δι
1490 2688 1658 2749 dedit
1688 2684 1805 2750 illis
1842 2686 2153 2750 scientiam
2183 2690 2461 2751 omnium
2511 2689 2892 2772 linguarum:
2944 2688 3069 2751 illic

1008 2778 1299 2839 nimirum
1347 2774 1538 2859 posita
1578 2776 1663 2838 est
1705 2798 1877 2855 crux,
1927 2792 1995 2839 ut
2022 2778 2084 2839 in
2115 2777 2423 2860 posterum
2453 2775 2685 2862 fignum
2716 2775 2859 2842 ess’et
2889 2793 3071 2843 tantae

1007 2864 1350 2928 sanEtitatiS.
1417 2865 1691 2947 Spatium
1750 2880 1975 2943 autem,
2038 2867 2203 2947 quod
2262 2865 2438 2928 distat
2486 2868 2644 2929 inter
2687 2866 2960 2950 Golgotha
3009 2866 3068 2929 δι

1006 2969 1234 3016 montem
1287 2954 1524 3032 oliveti,
1567 2952 1651 3015 est
1694 2953 1867 3016 vallis
1917 2977 2054 3038 quae
2100 2972 2489 3036 nuncupatur
2537 2956 2839 3044 Iosaphat:
2888 2957 2950 3017 in
3001 2977 3108 3018 ea-

1007 3065 1152 3106 vero
1199 3041 1281 3105 est
1333 3064 1475 3126 ager
1517 3041 1959 3105 Hakeldamach
2011 3043 2114 3126 [al.
2164 3042 2616 3127 AchaldemachJ,
2672 3046 2775 3127 qui
2829 3059 3071 3127 emptus

1009 3130 1096 3193 est
1122 3153 1157 3194 a
1184 3130 1406 3195 Iudaeis
1437 3154 1511 3194 ex
1543 3130 1786 3215 triginta
1815 3132 2115 3215 argenteis
2145 3153 2300 3214 quos
2328 3129 2481 3195 Iuda
2510 3132 2737 3212 retulit,
2785 3135 2845 3196 in
2875 3132 3072 3216 sepul-

1008 3236 1207 3283 turam
1240 3221 1718 3303 peregrinorum,
1746 3219 1896 3283 ficut
1926 3220 2146 3304 legitur
2175 3222 2236 3282 in
2269 3219 2538 3283 Paflione
2563 3221 2844 3284 Domini.
2876 3220 3067 3283 Aliud

1006 3331 1259 3392 quoque
1291 3329 1468 3391 opus,
1517 3310 1683 3392 quod
1729 3307 1973 3371 solerter
2012 3309 2302 3387 exercuit,
2330 3330 2454 3370 non
2485 3308 2570 3370 est
2599 3309 3069 3391 praetermitten-

1010 3398 1178 3476 dum,
1207 3400 1355 3481 quin
1386 3396 1576 3459 literis
1608 3397 1945 3459 dilucidare
1974 3397 2327 3480 satagemus.
2370 3395 2546 3459 Fecit
2575 3418 2824 3481 quoque
2868 3397 3071 3479 typice

1009 3488 1239 3570 ingenti
1270 3506 1419 3548 cura
1447 3485 1756 3568 piscinam,
1787 3487 2119 3548 secundum
2149 3485 2313 3569 quod
2346 3485 2582 3547 calamo
2613 3484 2851 3547 mensus
2880 3485 3071 3547 fuerat

1008 3577 1070 3638 in
1096 3575 1406 3664 Ierusalem
1435 3574 1613 3636 instar
1638 3577 1940 3638 natatoriae
1965 3575 2118 3653 Siloi,
2147 3576 2223 3636 de
2247 3596 2367 3658 qua
2393 3591 2539 3638 nato
2562 3596 2729 3637 caeco
2754 3573 3069 3636 Dominus

1008 3665 1122 3727 ait:
1179 3689 1204 3722 α
1241 3664 1416 3726 Vade
1460 3664 1532 3724 ad
1579 3667 1925 3727 natatoriam
1969 3664 2105 3726 Siloa·
2146 3662 2205 3725 δι
2248 3662 2380 3725 lava
2413 3688 2438 3719 2>
2492 3663 2629 3747 [Ev.
2673 3662 2785 3725 sec.
2834 3659 3069 3740 Ioann.,

1007 3772 1097 3832 lx,
1121 3753 1216 3836 7];
1245 3751 1390 3813 fecit
1418 3751 1603 3814 etiam
1632 3774 1851 3832 caecus,
1880 3755 2045 3836 quod
2076 3752 2179 3815 fibi
2212 3753 2632 3834 imperaverat,
2660 3752 2808 3814 abiit
2834 3752 2895 3814 &
2922 3752 3088 3829 lavit!

1010 3842 1069 3905 δι
1096 3840 1252 3904 vidit
1283 3839 1342 3902 δι
1370 3840 1631 3903 credidit
1660 3841 1826 3904 Deo.
1863 3867 1888 3898 »

1080 3974 1279 4040 [Vitas.
1301 3973 1520 4040 Petronij
1539 3991 1605 4026 ex
1621 3975 1853 4028 Chronico
1871 3973 2209 4027 monachorum
2230 3978 2275 4024 S.
2296 3974 2525 4041 Stephani
2540 3976 2709 4026 Bonon.
2727 3974 2871 4041 (ante
2889 3992 2908 4024 ι
2923 3991 2941 4022 1
2955 3974 3067 4041 80),

1007 4071 1052 4106 c.
1088 4075 1118 4106 2
1164 4053 1297 4120 (Aa.
1339 4055 1422 4105 SS.
1459 4052 1595 4118 Ball„
1641 4056 1852 4106 Offlobr.
1890 4057 1957 4119 ΙΙ,
2000 4072 2101 4119 459
2130 4053 2175 4103 &
2205 4052 2609 4105 Giovambatista
2642 4052 2873 4117 Melloni,
2913 4053 3018 4104 Atti
3042 4071 3068 4105 0

1005 4133 1227 4186 memorie
1243 4132 1409 4199 disan
1430 4133 1661 4197 Petronio,
1687 4134 1909 4200 vescovo
1926 4133 1983 4185 di
2000 4130 2226 4201 Bologna,
2255 4133 2504 4201 Bologna,
2531 4138 2683 4196 1784,
2709 4133 2836 4197 in—4,
2851 4150 2897 4201 p.
2925 4136 3065 4197 144).

1005 4216 1140 4266 Idem
1182 4216 1262 4280 (p.
1291 4216 1343 4276 6,
1387 4230 1437 4264 n.
1470 4231 1499 4263 2
1532 4215 1587 4264 ὅ
1609 4222 1692 4282 pp.
1724 4215 1838 4280 7-9)
1883 4212 2051 4265 multos
2100 4212 2313 4279 recenset
2333 4211 2453 4278 saec.
2485 4214 2589 4264 XV
2615 4214 2744 4264 &X
2748 4214 2820 4264 VI
2848 4216 3066 4265 nudiores

1006 4289 1090 4357 qui
1113 4293 1173 4341 de
1199 4291 1414 4343 Petronio
1449 4290 1593 4344 locuti
1617 4291 1755 4357 sunt.
1806 4292 1971 4344 Vitam
1999 4291 2198 4359 insuper
2226 4290 2398 4357 sanbli
2431 4291 2550 4343 viri
2594 4291 2797 4359 reperiit
2838 4289 2889 4341 in
2912 4291 3070 4342 codice
