3620 5680
1055 527 1187 607 ¹¹4
1891 539 1894 540 ⁷
2011 503 2218 606 (401)

1122 774 1147 806 e
1183 747 1387 811 Saluta
1430 747 1720 830 obsequio
1774 769 1914 810 meo
1959 747 2229 810 sanfifflm
2271 750 2516 810 fratrem
2563 746 2984 810 Paulinianum
3026 767 3094 807 ac

1037 858 1251 899 omnes
1282 836 1493 899 fratres
1524 837 1627 918 qui
1660 852 1865 897 tecum
1897 858 1966 898 ac
1997 838 2072 898 de
2102 853 2160 898 te
2189 838 2252 898 in
2286 836 2566 899 Domino
2596 836 2951 920 gloriantur.
2987 860 3010 890 2>

1133 973 1206 1038 [S.
1233 970 1572 1119 Augustinffi,
1589 971 1796 1040 Epistola
1825 973 2034 1036 LXVII,
2059 971 2191 1038 ads.
2215 971 2551 1040 Hieronymum
2573 971 2806 1040 (Migne,
2825 973 2962 1023 Patr.
2987 969 3094 1034 lat„

1034 1052 1281 1115 XXXIII,
1306 1067 1349 1102 c.
1381 1068 1480 1114 237
1515 1089 1527 1101 .

1118 1223 1143 1255 e
1180 1196 1394 1259 Frater
1424 1197 1770 1259 communis
1800 1196 2150 1280 suppliciter
2181 1213 2239 1260 te
2271 1197 2497 1260 salutat.
2535 1222 2559 1254 ›
2649 1259 2654 1266 ⁸

1176 1339 1247 1409 [S.
1284 1340 1641 1490 HierorlwymuS,
1678 1341 1885 1410 Epistola
1914 1344 2030 1407 CII,
2054 1341 2188 1408 ads.
2214 1342 2529 1411 Augustinum
2558 1341 2795 1410 (Migne,
2824 1343 2961 1393 Patr.
2987 1341 3094 1406 lat„

1031 1423 1204 1485 XXII,
1229 1438 1273 1473 c.
1303 1422 1442 1486 83¹).

1136 1552 1313 1619 (Paulo
1361 1552 1463 1618 post
1510 1553 1835 1605 Paulinianus
1888 1557 2097 1622 ijrum
2138 1552 2349 1618 insulam
2402 1552 2682 1617 habitavit,
2728 1553 2922 1622 pluries
2964 1573 3093 1608 vero

1026 1630 1264 1682 Bethleem
1305 1631 1451 1696 adiit,
1489 1633 1826 1703 Hieronymum
1866 1633 2180 1699 visitaturus,
2220 1644 2273 1685 ut
2296 1634 2493 1700 testatur
2536 1632 2618 1683 ille
2651 1633 2701 1683 in
2735 1633 2881 1686 Libro
2922 1647 3092 1688 contra

1026 1713 1249 1762 Ioannem
1280 1711 1775 1782 Hierofhlymitanum‚
1818 1729 1860 1764 e.
1891 1731 1952 1777 41
2002 1713 2239 1781 (Migne‚
2285 1715 2419 1764 Patr.
2451 1713 2556 1776 lat„
2597 1715 2793 1777 XXIII,
2834 1731 2880 1765 c.
2928 1716 3089 1782 393)=

1032 1809 1053 1836 ι
1085 1790 1165 1840 Sin
1194 1803 1362 1842 autem
1403 1792 1467 1844 de
1509 1792 1807 1843 pauliniano
1850 1793 1940 1844 tibi
1972 1793 2130 1844 sermo
2160 1794 2244 1855 est,
2294 1793 2429 1844 vides
2457 1811 2569 1842 eum
2597 1793 2828 1861 episcopo
2872 1794 2957 1845 suo
2994 1794 3092 1845 efl'e

1028 1869 1319 1937 subie&um,
1347 1871 1521 1924 versari
1550 1874 1742 1942 Cyme,
1768 1873 1834 1923 ad
1863 1872 2193 1924 visntationem
2220 1872 2435 1923 nostram
2462 1872 2711 1923 interdum
2741 1873 2948 1939 venire).

678 2075 998 2152 401-450
1032 2048 1311 2141 Rufus
1360 2052 1641 2142 Festus
1688 2055 2107 2143 Avienus.
2161 2078 2361 2145 (xxviij)

1229 2249 1253 2280 e
1293 2224 1428 2289 Ora
1456 2224 1675 2306 Syrum
1704 2227 1879 2288 curvi
1897 2228 2259 2308 procumbens
2286 2227 2461 2289 litoris
2490 2239 2615 2290 αέῖα

1225 2321 1511 2384 In·notum
1541 2324 1608 2384 Εἴ
1637 2324 1715 2384 eoi
1739 2322 1978 2408 confinia
2006 2326 2249 2386 tenditur
2277 2325 2418 2386 euri.

1223 2418 1379 2481 Haec
1409 2419 1589 2484 Coele
1618 2424 1696 2500 est
1713 2423 1884 2503 graio
1896 2423 2013 2511 sub
2043 2425 2288 2484 nomine:
2316 2445 2554 2505 namque
2581 2425 2787 2485 duobus

1158 2540 1165 2547 ·
1234 2515 1316 2577 Ut
1340 2517 1592 2602 conclusa
1633 2520 1775 2600 iugis
1804 2519 1983 2581 vallis
2012 2520 2130 2582 vice
2158 2520 2338 2581 multa
2366 2535 2635 2582 cavatur.

1223 2614 1318 2675 Ab
1348 2615 1590 2698 zephyro
1621 2613 1834 2681 Cafius
1861 2639 2009 2679 mons
2036 2617 2315 2688 imminet;
2347 2641 2449 2678 axe
2476 2618 2586 2679 diei

1222 2709 1616 2800 Consurgentis
1641 2715 1766 2775 item
1796 2714 2071 2776 Libanus
2093 2716 2304 2796 premit
2328 2716 2546 2776 arduus
2575 2737 2751 2777 arva.

1226 2807 1383 2872 Pars
1404 2812 1612 2893 procul
1634 2837 1671 2874 a
1691 2812 1895 2896 pelago
1923 2826 2111 2875 terras
2138 2812 2282 2891 colit,
2310 2812 2471 2893 inque
2499 2811 2711 2896 receffie

1228 2905 1375 2967 Gens
1405 2910 1603 2989 agitat.
1634 2908 1791 2998 Salso
1815 2910 2085 2990 quidquid
2097 2909 2371 2998 pulsatur
2402 2911 2473 2970 ab
2502 2911 2651 2991 astu,

1226 3000 1593 3066 Phoenicum
1622 3005 1770 3086 regio
1797 3007 1890 3090 est.
1921 3003 2017 3065 Hi
2043 3004 2259 3066 Rubro
2292 3028 2330 3067 a
2348 3007 2574 3087 gurgite
2602 3006 2875 3085 quondam

1223 3099 1554 3165 Mutavere
1580 3105 1778 3181 domos,
1796 3104 2079 3185 primique
2099 3117 2207 3185 per
2235 3126 2469 3184 aequora
2496 3104 2641 3165 vecti

1224 3198 1585 3279 Lufi'ravere
1597 3201 1825 3292 salum,
1847 3201 2025 3285 primi
2051 3203 2280 3263 docuere
2307 3203 2517 3264 carinis

1224 3294 1407 3358 Ferre
1435 3300 1595 3360 cavis
1623 3300 1769 3360 orbis
1796 3300 2142 3377 commercia,
2157 3297 2363 3383 stdera
2382 3300 2562 3382 primi

1224 3392 1553 3457 Servavere
1571 3395 1705 3478 poli.
1740 3395 1965 3478 Populis
1994 3394 2388 3460 Phoenicibus
2418 3420 2545 3478 ergo

1231 3489 1386 3552 Urbs
1411 3488 1584 3574 Iope,
1592 3493 1923 3580 sterilisque
1950 3493 2139 3555 dehinc
2166 3492 2460 3556 habitatur
2489 3493 2677 3572 Elai'S,

1223 3587 1512 3669 Gazaque
1530 3591 1779 3671 proceris
1807 3593 2101 3675 affurgens
2131 3592 2368 3671 undique
2395 3592 2587 3653 muris.

1221 3685 1348 3748 Hic
1375 3686 1588 3768 Tyrus
1619 3689 1690 3767 est
1714 3688 1950 3769 opulens,
1979 3689 2046 3749 Εἴ
2078 3688 2337 3772 Berytus
2368 3688 2588 3771 optima,
2618 3688 2846 3772 Byblos

1220 3782 1577 3866 Sidoniique
1605 3784 1776 3863 lares,
1805 3785 1903 3846 ubi
1926 3785 2117 3847 labens
2146 3787 2364 3868 agmine
2392 3809 2611 3847 amoeno

1219 3878 1448 3967 Cespitis
1474 3882 1688 3962 irrigui
1715 3881 2044 3944 Bostrenus
2071 3884 2272 3964 iugera
2282 3882 2472 3966 findit.

1217 3977 1344 4039 Nec
1374 3979 1556 4040 minus
1584 3977 1668 4040 hic
1695 3978 1981 4061 Tripolis
2008 3981 2205 4062 pingui
2214 3980 2348 4069 sola
2368 3980 2618 4063 porrigit
2644 4004 2783 4062 agro
2793 4011 2819 4052 ,-

1217 4072 1618 4159 Orthofisque
1648 4074 1839 4137 dehinc
1869 4077 2181 4149 attollitur,·
2208 4076 2294 4139 hic
2324 4076 2827 4160 Marathusstat,·

1216 4173 1432 4235 Litoris
1460 4187 1695 4236 extremo
1724 4188 1896 4256 caput
1921 4175 2047 4236 altis
2075 4175 2332 4237 turribus
2358 4175 2528 4257 effert

1215 4268 1510 4352 Laodice,
1540 4272 1607 4331 Εἴ
1627 4270 1825 4351 glauci
1842 4271 2251 4354 praelambitur
2279 4274 2518 4354 aequoris
2548 4275 2719 4335 unda.
