3620 5680
1096 507 1195 587 40
1552 496 1565 519 ’
2024 490 2235 593 (326)

1098 729 1185 793 est
1201 756 1220 807 3
1256 731 1614 813 deponitur,
1643 730 1866 793 iacenti
1896 751 2019 792 una
2047 729 2121 792 de
2149 730 2434 793 crucibus
2463 730 2825 794 admovetur
2852 731 2913 795 δι
2940 732 3162 809 altera3

1101 817 1199 881 sed
1221 839 1463 883 reorum
1493 819 1658 901 ligna
1684 839 1849 882 mors
1879 817 2116 901 sprevit.
2149 817 2463 881 Postremo
2491 817 2894 883 Dominicam
2915 842 3162 884 crucem

1099 908 1304 990 prodit
1323 907 1679 971 resurrefflo
1711 907 1772 970 &
1800 906 1874 969 ad
1906 905 2172 970 salutaris
2204 906 2349 990 ligni
2380 906 2630 986 taetum,
2658 924 2856 971 morte
2886 910 3164 993 profuga,

1097 998 1278 1060 funus
1310 997 1399 1077 (id
1419 1000 1496 1078 qst
1524 997 1799 1072 cadaver,
1842 997 1945 1059 vel
1973 1011 2253 1059 mortuus
2282 997 2580 1058 excitatus
2611 995 2716 1068 est)
2745 995 3077 1077 excussum,
3103 999 3164 1063 &

1098 1107 1325 1167 corpus
1359 1086 1627 1148 ere6'tum
1651 1074 1756 1164 est,
1793 1083 2279 1168 tremefa6'tisque
2309 1083 2653 1147 viventibus
2682 1084 2843 1148 stetit
2868 1102 3165 1167 mortuus,

1099 1174 1160 1237 &
1181 1174 1556 1253 fiinebribus,
1585 1193 1653 1236 ut
1675 1173 1953 1237 Lazarus
1976 1175 2311 1257 quondam,
2337 1170 2601 1235 vinculis
2622 1174 2966 1257 expeditus,
2993 1175 3162 1238 illico
3243 1232 3250 1239 .

1099 1264 1258 1327 inter
1286 1262 1727 1347 exspe&atores
1757 1261 1893 1325 suos
1920 1262 2227 1325 redivivus
2255 1261 2504 1324 inceffit.
2875 1269 2883 1277 ‘

1184 1377 1209 1409 α
1239 1351 1405 1436 Ergo
1434 1372 1585 1414 crux
1611 1349 1897 1428 Domini,
1928 1365 2020 1412 tot
2047 1344 2258 1431 operta
2277 1349 2554 1412 aetatibus
2585 1349 2645 1412 &
2667 1348 2889 1415 Iudaeis
2917 1352 2981 1414 in
3005 1367 3163 1415 tem-

1100 1462 1253 1525 pore
1295 1441 1574 1524 paffionis
1634 1438 2003 1516 abscondita,
2063 1459 2266 1521 neque
2314 1439 2597 1520 gentibus
2646 1440 2710 1501 in
2763 1439 3166 1504 aedificatione

1099 1530 1220 1593 fani
1264 1546 1489 1593 terram
1518 1527 1637 1591 fine
1681 1528 1871 1590 dubio
1916 1527 1987 1588 ad
2021 1525 2210 1608 ipsam
2249 1526 2539 1589 fabricam
2582 1529 2964 1609 egerentibus
2992 1550 3165 1593 reve-

1101 1617 1240 1697 lata,
1281 1639 1488 1680 nonne
1535 1637 1719 1678 manu
1764 1614 1962 1692 latuit,
2004 1629 2073 1676 ut
2113 1635 2280 1676 nunc
2320 1615 2694 1678 inveniretur
2720 1636 2864 1678 cum
2891 1615 3168 1699 religiose

1102 1705 1510 1791 quaereretur?
1541 1702 1636 1766 Ita
1657 1720 1725 1767 ut
1744 1724 1993 1766 crucem
2019 1701 2244 1767 Christi
2270 1703 2497 1782 decuit,
2526 1704 2951 1785 experimento
2978 1704 3169 1767 resur-

1101 1795 1388 1859 reetionis
1430 1796 1679 1857 inventa
1706 1792 1766 1855 &
1796 1792 2051 1874 probata
2079 1812 2229 1853 crux
2260 1790 2486 1855 Christi
2517 1791 2602 1854 est
2620 1819 2638 1868 3
2682 1791 2991 1876 dignoque
3022 1814 3169 1857 mox

1103 1883 1335 1946 ambitu
1381 1885 1469 1963 (id
1490 1885 1567 1963 <³st
1590 1883 1825 1944 honore
1856 1880 1916 1943 δε
1945 1889 2193 1963 pompa)
2225 1879 2627 1958 consecratur,
2671 1882 2921 1943 condita
2948 1882 3011 1944 in
3042 1880 3171 1964 pas-

1101 1971 1281 2036 sionis
1312 1971 1451 2033 loco
1494 1970 1751 2046 basilica,
1781 1990 1919 2051 quae
1948 1968 2170 2031 auratis
2200 1966 2449 2029 corusca
2476 1967 2859 2050 laquearibus
2889 1968 2950 2031 &
2971 1971 3169 2034 aureis

1103 2060 1272 2124 dives
1304 2059 1611 2137 altaribus,
1638 2079 1860 2121 arcano
1886 2054 2141 2139 positam
2173 2055 2427 2118 sacrario
2458 2077 2707 2118 crucem
2730 2057 2953 2120 servat:
2985 2079 3170 2141 quam

1103 2148 1421 2233 episcopus
1462 2149 1628 2211 urbis
1668 2149 1798 2209 eius
1844 2145 2191 2229 quotannis,
2235 2165 2379 2206 cum
2409 2143 2633 2208 Pascha
2662 2145 2927 2208 Domini
2957 2147 3172 2229 agitur,

1102 2238 1472 2301 adorandam
1496 2235 1730 2319 populo
1754 2236 2038 2317 princeps
2065 2234 2188 2315 ipse
2210 2234 2635 2295 venerantium
2665 2235 2913 2314 promit.
2944 2234 3172 2318 Neque

1105 2342 1320 2409 praeter
1341 2325 1498 2387 hanc
1516 2326 1701 2402 diem,
1724 2344 1847 2406 qua
1866 2323 2063 2386 crucis
2086 2321 2263 2405 ipsius
2281 2321 2633 2404 mysterium
2654 2323 3014 2403 celebratur,
3032 2323 3173 2407 ipsa,

1105 2438 1242 2499 quae
1277 2414 1789 2477 sacramentorum
1819 2410 1993 2474 causa
2015 2411 2118 2489 est,
2147 2407 2311 2494 quasi
2341 2409 2654 2493 quoddam
2687 2410 2862 2474 sacrae
2891 2411 3175 2476 solemni-

1105 2506 1244 2567 tatis
1274 2500 1503 2586 infigne
1544 2503 1873 2583 profertur,
1914 2501 2021 2563 nisi
2056 2502 2364 2563 interdum
2396 2497 2808 2582 religiofissimi
2849 2500 3174 2584 postulent,

1109 2594 1214 2677 qui
1260 2592 1375 2653 hac
1407 2605 1644 2652 tantum
1674 2589 1850 2653 causa
1879 2588 1985 2651 illo
2008 2590 2370 2671 peregrinati
2401 2588 2780 2669 advenerint,
2812 2606 2880 2653 ut
2909 2587 3014 2652 fibi
3044 2591 3175 2652 eius

1107 2680 1398 2744 revelatio
1420 2675 1582 2761 quasi
1600 2679 1662 2740 in
1683 2679 1949 2760 pretium
1966 2677 2316 2761 longinquae
2333 2679 2838 2760 peregrinationis
2855 2679 3174 2742 deferatur.

1110 2767 1309 2858 Quod
1341 2767 1536 2830 solum
1566 2767 1836 2849 episcopi
1858 2765 2162 2838 beneficio
2195 2765 2452 2827 obtineri
2483 2767 2718 2828 ferunt:
2749 2768 2923 2830 cuius
2954 2767 3013 2829 &
3043 2782 3178 2829 tan-

1109 2875 1240 2922 tum
1261 2878 1513 2920 munere
1531 2857 1606 2919 de
1622 2850 1837 2918 eadem
1860 2875 2040 2917 cruce
2061 2856 2191 2917 haec
2214 2855 2451 2916 minuta
2471 2854 2612 2918 sacri
2638 2855 2786 2939 ligni
2801 2857 2872 2917 ad
2893 2877 3177 2940 magnam

1107 2947 1248 3010 fidei
1275 2947 1335 3010 &
1356 2944 1803 3009 benedietionis
1827 2946 2085 3026 gratiam
2104 2943 2312 3006 haberi
2338 2944 2527 3006 datur.
2555 2942 2722 3029 Quae
2745 2944 2996 3027 quidem
3011 2964 3180 3028 crux,

1110 3038 1169 3099 in
1195 3038 1447 3098 materia
1463 3033 1752 3096 insensata
1767 3034 1895 3094 vim
1907 3033 2109 3094 vivam
2126 3048 2359 3112 tenens,
2378 3034 2464 3094 ita
2476 3054 2551 3095 ex
2573 3031 2680 3094 illo
2699 3048 2978 3116 tempore
3000 3035 3180 3096 innu-

1111 3126 1296 3188 meris
1321 3145 1476 3206 pene
1503 3123 1781 3206 quotidie
1813 3122 2137 3183 hominum
2173 3122 2332 3184 votis
2356 3120 2590 3204 lignum
2612 3122 2781 3183 suum
2804 3124 3181 3200 commodat,

1110 3231 1180 3278 ut
1201 3214 1567 3277 detrimenta
1594 3233 1721 3274 non
1748 3212 1962 3272 sentiat
1990 3209 2050 3272 &
2072 3209 2233 3293 quasi
2262 3211 2489 3272 intuita
2510 3226 2882 3292 permaneat,
2903 3212 3179 3293 quotidie

1112 3302 1362 3367 dividua
1399 3298 1773 3363 sumentibus
1815 3297 1875 3360 δι
1918 3298 2153 3379 semper
2191 3313 2319 3359 tota
2367 3297 2816 3361 venerantibus.
2859 3297 2975 3360 Sed
3009 3298 3180 3361 istam

1113 3389 1554 3475 imputribilem
1600 3388 1889 3449 virtutem
1937 3386 1997 3449 &
2044 3386 2454 3448 indetribilem
2497 3385 2860 3448 soliditatem
2901 3389 2978 3449 de
3019 3387 3181 3451 illius

1115 3480 1389 3565 profeisto
1439 3476 1639 3539 carnis
1676 3474 1962 3558 sanguine
2006 3475 2180 3554 bibit,
2226 3497 2364 3558 quae
2393 3473 2552 3558 paffa
2580 3492 2843 3539 mortem
2872 3497 2998 3538 non
3028 3474 3184 3537 vidit

1113 3568 1602 3652 corruptionem.
1641 3563 1967 3646 Speramus
1994 3579 2199 3626 autem
2227 3563 2287 3626 δι
2318 3564 2490 3627 vobis
2517 3585 2641 3625 non
2673 3563 2866 3625 solum
2893 3563 3183 3626 benedic-

1115 3658 1300 3722 tionis
1348 3654 1755 3731 monimentO,
1795 3653 1893 3715 sed
1926 3652 1986 3715 &
2021 3654 2501 3735 incorruptionis
2543 3653 2862 3715 seminario
2893 3653 3184 3729 fiiturum,

1115 3763 1182 3810 ut
1210 3747 1340 3808 eius
1382 3741 1677 3824 insped‘tio
1718 3740 1905 3803 fidem
1946 3740 2212 3803 vestram
2254 3741 2438 3802 etiam
2468 3742 2544 3802 de
2570 3741 2991 3803 recordatione
3022 3739 3180 3802 beati

1117 3832 1280 3896 illius
1329 3833 1589 3894 latronis
1640 3829 1954 3907 accendat,
2009 3829 2114 3912 qui
2166 3828 2321 3890 bene
2371 3826 2540 3889 verso
2599 3826 2920 3889 latrocinio
2971 3825 3183 3909 longas

1115 3923 1177 3985 in
1209 3921 1448 4004 magnis
1492 3918 1803 3981 laboribus
1848 3917 2191 3979 sanetorum
2223 3917 2348 3978 vias
2378 3916 2453 3978 de
2483 3917 2781 3978 momenti
2809 3915 2929 3977 fide
2957 3914 3017 3977 δι
3046 3936 3185 3977 mo-

1118 4024 1328 4072 mento
1362 4007 1749 4071 confeffionis
1778 4006 2139 4087 anticipans,
2164 4026 2290 4068 non
2321 4005 2628 4066 immerito
2657 4019 2796 4066 ante
2826 4004 2985 4086 ipsos
3015 4000 3187 4084 apos-

1116 4098 1278 4163 tolos
1315 4098 1375 4161 δε
1419 4111 1712 4179 martyres
1747 4110 2154 4179 praeparatum
2199 4092 2330 4178 ipsts
2369 4095 2442 4156 ab
2483 4094 2656 4171 initio,
2698 4108 2768 4155 ut
2808 4094 2913 4170 ait,
2952 4114 3187 4173 regnum

1120 4187 1358 4270 primus
1399 4183 1615 4249 invafit
1660 4185 1719 4247 &
1763 4186 1899 4266 pius
1941 4182 2085 4247 coeli
2137 4184 2345 4264 praedo
2386 4182 2658 4262 diripuit,
2702 4180 2846 4263 quia
2874 4179 3183 4244 Christum

1116 4273 1474 4345 crucifixum
1514 4272 1908 4337 similitudine
1936 4271 2054 4334 suae
2083 4293 2284 4354 poenae
2312 4271 2524 4333 videns
2551 4270 2615 4332 in
2645 4290 2721 4332 eo
2747 4268 2920 4349 statu,
2958 4270 3034 4331 de
3061 4290 3186 4356 quo
