3620 5680
1100 507 1229 603 198
1687 458 1696 467 ⁶
2021 507 2230 600 (518)

1093 756 1117 788 α
1156 732 1409 812 patriam
1441 731 1827 792 revertamini
1859 733 1920 792 in
1952 752 2135 812 pace:
2171 731 2229 793 δε
2258 754 2373 816 ego
2406 732 2538 814 post
2564 754 2674 796 vos
2706 734 2808 796 illa
2847 734 3148 799 transmit-

1094 847 1118 878 «
1155 835 1295 881 tam.
1326 844 1351 876 z
1393 818 1555 881 Patri
1578 840 1723 901 ergo
1746 819 2116 900 valedicunt,
2139 824 2396 903 patriam
2420 826 2772 903 adveniunt,
2791 823 2851 886 &
2875 823 3052 885 allata
3074 822 3148 883 ab

1088 907 1303 989 angelo
1337 906 1462 969 Dei
1490 929 1744 969 munera
1772 909 2100 990 accipiunt.
2138 935 2163 967 »

1231 1034 1585 1103 [AnonymuS,
1632 1034 1747 1087 Vita
1775 1036 1828 1100 s.
1846 1034 2099 1089 'Davidis
2137 1038 2451 1107 (Capgrave,
2494 1039 2655 1090 Nova
2696 1036 2905 1106 legenda
2939 1036 3149 1105 Angliae,

1088 1114 1273 1178 Lond.,
1304 1117 1457 1178 1516,
1483 1112 1619 1178 in-f.,
1646 1112 1684 1165 f.
1711 1113 1880 1167 lxxxiv
1907 1114 2000 1184 b).]

1174 1285 1199 1316 ε
1236 1258 1518 1323 Coelestis
1547 1275 1751 1321 autem
1780 1261 2047 1338 nuntius,
2086 1262 2158 1323 ad
2191 1261 2227 1322 s.
2263 1261 2466 1323 David
2499 1262 2561 1322 in
2590 1260 2810 1346 Rostna
2854 1260 3010 1322 valle
3040 1283 3145 1322 ve-

1088 1348 1285 1425 niens,
1329 1350 1513 1410 dixit:
1562 1375 1587 1406 x
1618 1349 1806 1431 Surge
1836 1349 1895 1411 &
1927 1352 2075 1411 vade
2115 1351 2175 1411 in
2205 1348 2611 1435 Hierusalem,
2657 1367 2723 1410 ut
2763 1350 2865 1410 ubi
2896 1349 3149 1430 gradum

1093 1462 1118 1494 α
1149 1436 1554 1519 episcopalem
1582 1436 1874 1518 suscipiaS,
1906 1438 1964 1501 &
1994 1438 2147 1500 adde
2178 1440 2285 1500 tibi
2316 1439 2469 1500 duos
2498 1437 2838 1519 condignos
2870 1440 3148 1515 comites,

1075 1550 1119 1622 ,α
1151 1524 1476 1587 Paternum
1493 1525 1777 1588 videlicet
1797 1527 1857 1589 &
1875 1525 2187 1606 Teliaum,
2206 1528 2308 1610 qui
2327 1527 2400 1588 ad
2424 1528 2709 1587 eumdem
2726 1526 2980 1608 gradum
2997 1528 3148 1609 epis-

1094 1639 1118 1671 «
1145 1613 1425 1694 copalem
1457 1616 1803 1695 promoveri
1839 1612 2096 1695 poffunt.
2143 1641 2167 1672 »
2217 1615 2381 1677 Mox
2414 1630 2638 1693 autem,
2677 1614 2856 1677 miffis
2900 1616 2972 1677 ad
3013 1615 3149 1694 illos

1089 1701 1337 1779 nuntiiS,
1356 1702 1475 1763 sine
1498 1723 1673 1763 mora
1701 1718 2017 1764 venerunt.
2050 1702 2165 1765 Per
2193 1705 2471 1765 barbaras
2498 1720 2702 1765 autem
2727 1705 3004 1765 nationes
3039 1703 3152 1764 iter

1090 1804 1353 1871 agente8‚
1403 1791 1659 1871 gratiam
1701 1789 2043 1873 linguarum
2086 1814 2120 1853 a
2159 1793 2440 1855 Domino
2502 1808 2887 1873 acceperunt,
2930 1812 3151 1852 unum-

1091 1898 1396 1960 quemque
1424 1877 1739 1939 hominem
1771 1882 2014 1961 propria
2042 1880 2267 1963 lingua,
2307 1883 2371 1942 in
2404 1903 2523 1963 qua
2550 1897 2725 1943 natus
2755 1881 2971 1957 fuerat,
2998 1878 3152 1940 allo-

1089 1981 1363 2049 quentes.
1388 1965 1488 2027 Ad
1510 1967 1724 2028 urbem
1739 1967 2112 2056 Hierusalem
2131 1972 2375 2031 tandem
2394 1972 2772 2047 accedentes,
2790 1967 3150 2029 nobilissime

1089 2052 1222 2134 post
1251 2054 1554 2135 apostolos
1586 2054 1997 2136 praedicabant
2026 2073 2241 2118 contra
2263 2055 2505 2119 Iudaeos
2535 2056 2595 2119 &
2623 2053 2892 2119 haerefim
2921 2053 3151 2116 ibidem

1089 2157 1316 2203 ortam:
1354 2164 1496 2205 nam
1527 2143 1929 2226 unusquisque
1961 2144 2020 2205 in
2051 2143 2257 2227 lingua
2284 2145 2383 2206 sua
2411 2168 2516 2208 eos
2559 2145 2880 2227 loquentes
2923 2140 3150 2203 intelli-

1087 2231 1326 2313 gebant.
1381 2230 1494 2293 Per
1525 2228 1976 2311 impositionem
2003 2233 2208 2313 postea
2232 2255 2448 2296 manus
2474 2234 2848 2315 patriarchae,
2886 2230 3149 2313 episcopi

1090 2319 1351 2380 ordinati
1396 2319 1547 2398 sunt,
1576 2320 1635 2382 &
1665 2322 2019 2382 muneribus
2058 2321 2269 2397 ditati;
2317 2321 2606 2384 Paternus
2648 2322 2900 2404 quidem
2943 2320 3149 2381 tunica

1092 2430 1166 2469 ex
1207 2428 1353 2469 auro
1394 2424 1557 2470 texta
1593 2408 1651 2471 &
1694 2408 1913 2469 baculo
1944 2410 2186 2471 ditatur.
2231 2410 2499 2492 Regressi
2529 2426 2734 2472 autem
2764 2410 2835 2471 ad
2873 2408 3147 2490 patriam,

1092 2498 1155 2557 in
1197 2512 1313 2558 tres
1344 2496 1722 2578 episcopatus
1752 2497 2129 2559 Britanniam
2159 2498 2505 2560 diviserunt.
2541 2523 2566 2555 ›

1237 2621 1508 2689 [Iohannes
1528 2623 1584 2673 T
1589 2622 1962 2685 inmonthenfis,
1987 2622 2166 2688 Vitas.
2195 2624 2400 2673 Paterni
2421 2625 2736 2691 (Capgrave,
2764 2624 2921 2674 Nova
2945 2620 3152 2688 legenda

1094 2700 1283 2768 Angliae
1310 2700 1494 2766 [Lond.
1525 2706 1673 2767 1516,
1699 2700 1829 2769 in-f.]
1855 2700 1888 2752 f.
1916 2701 2057 2765 cclix,
2085 2704 2129 2752 &
2158 2703 2263 2753 AA.
2286 2704 2361 2753 SS.
2383 2701 2518 2766 Boll„
2557 2721 2613 2767 ¹5
2641 2703 2793 2770 Apr.‚
2819 2703 2883 2765 ΙΙ,
2908 2719 2953 2768 p.
2982 2702 3149 2768 379).]

1178 2877 1202 2907 «
1240 2851 1475 2913 Videns
1508 2848 1682 2911 Deus
1721 2849 1956 2912 san&os
1998 2850 2132 2912 suos
2172 2866 2263 2913 tot
2305 2853 2623 2913 decoratos
2660 2849 2778 2913 effe
2806 2850 3153 2926 virtutibus,

1094 2940 1387 3002 indicavit
1435 2960 1540 3000 eos
1599 2938 2052 3019 promovendos
2109 2936 2224 3001 effe
2275 2940 2682 3002 ecclesiasticis
2743 2939 3151 3021 dignitatibus·

1095 3023 1270 3089 Mifit
1293 3026 1456 3087 enim
1480 3024 1791 3107 Angelum
1825 3025 1996 3086 suum
2025 3027 2097 3088 ad
2131 3027 2387 3105 sanitos,
2414 3029 2518 3110 qui
2549 3029 2855 3089 nuntiaret
2884 3027 3153 3088 eundum

1095 3114 1180 3176 eis
1224 3111 1337 3176 effe
1384 3117 1455 3176 ad
1500 3114 1760 3177 sanctam
1801 3115 2111 3177 civitatem
2151 3116 2288 3177 Ieru
2320 3117 2485 3194 alem,
2526 3132 2593 3177 ut
2635 3117 2716 3177 ibi
2761 3114 2876 3176 suae
2919 3113 3152 3175 militiae

1095 3202 1381 3264 donativa
1421 3205 1780 3285 reciperent.
1829 3203 2030 3265 Sanciti
2075 3225 2244 3282 ver0,
2342 3203 2467 3266 liud
2507 3206 2795 3266 videlicet
2834 3204 2892 3265 &
2925 3201 3152 3281 David,

1097 3291 1241 3354 Deo
1271 3291 1377 3352 suo
1406 3312 1511 3373 per
1540 3293 1746 3353 omnia
1774 3292 2150 3371 obediente8‚
2187 3315 2312 3355 non
2343 3293 2475 3355 sunt
2502 3290 2624 3355 aufi
2651 3290 2910 3353 resistere
2941 3291 3150 3351 divino

1094 3381 1290 3459 nutui,
1321 3380 1416 3441 sed
1445 3379 1771 3442 Paternum
1794 3382 1994 3443 virum
2022 3380 2165 3443 Deo
2190 3403 2399 3444 carum
2423 3382 2525 3443 fibi
2551 3379 2925 3458 affociantes,
2948 3379 3006 3440 &
3030 3395 3151 3440 tres

1096 3471 1156 3531 in
1179 3468 1509 3531 Trinitatis
1538 3470 1788 3530 nomine
1818 3468 2158 3530 iniun&um
2188 3469 2293 3531 fibi
2324 3472 2436 3531 iter
2463 3471 2872 3552 incoeperunt,
2903 3468 2997 3530 sed
3022 3489 3149 3529 non

1096 3571 1163 3616 ut
1182 3555 1358 3618 multi
1384 3559 1845 3638 peregrinorum
1865 3556 2115 3636 faciunt,
2144 3558 2338 3619 multa
2360 3560 2619 3619 adunata
2648 3558 2925 3639 pecunia,
2955 3557 3147 3616 immo

1096 3643 1217 3705 fine
1242 3644 1459 3706 baculo
1484 3644 1542 3705 &
1566 3665 1725 3726 pera,
1748 3644 2046 3726 sperantes
2071 3646 2273 3727 potius
2296 3647 2358 3706 in
2382 3646 2576 3724 illum,
2606 3646 2711 3728 qui
2737 3645 2838 3706 dat
2860 3645 3147 3705 iumentis

1095 3733 1290 3794 escam
1333 3733 1598 3814 ipsorum
1641 3733 1699 3794 &
1737 3733 1919 3814 pullis
1963 3756 2290 3796 corvorum
2335 3734 2761 3795 invocantibus
2802 3754 2962 3793 eum.
3006 3732 3148 3793 Nec

1096 3819 1309 3882 frustra
1343 3820 1674 3902 sperantes:
1721 3819 1897 3883 Deus
1927 3823 2089 3883 enim
2130 3842 2236 3904 per
2270 3821 2478 3884 fideles
2510 3822 2644 3883 suos
2674 3821 2896 3882 cunita
2922 3821 3007 3882 eis
3037 3841 3146 3881 ne-

1096 3906 1335 3971 ceffaria
1364 3908 1734 3971 ministrabat
1760 3910 1824 3970 in
1857 3926 2150 3992 tempore.
2195 3908 2477 3972 Illustrati
2500 3907 2793 3992 fiquidem
2817 3924 2988 3970 erant
3009 3908 3147 3970 luce

1096 3998 1354 4060 coelestis
1384 3999 1623 4078 gratiae3
1653 4001 1736 4059 ita
1764 4014 1832 4060 ut
1859 4020 2077 4060 eorum
2105 4001 2399 4061 adventus
2430 3999 2667 4060 cunetis
2696 3994 2839 4059 effet
2869 4011 3149 4077 accepta-

1098 4086 1255 4165 bilis,
1295 4087 1353 4148 &
1384 4087 1696 4169 praesentia
1736 4087 2050 4149 sanitatem
2097 4089 2389 4169 praeberet
2428 4087 2699 4149 infirmiS.
2744 4086 3149 4167 Reliquerunt

1096 4177 1301 4257 itaque
1333 4200 1440 4258 per
1461 4178 1718 4242 diversas
1743 4178 2089 4260 provincias
2118 4177 2233 4239 suae
2254 4177 2579 4238 san6titatis
2602 4175 2865 4258 vestigia,
2894 4175 3149 4242 cunito-

1098 4284 1234 4325 rum
1257 4262 1360 4327 fibi
1382 4267 1759 4329 obviantium
1776 4265 2118 4329 alleviando
2144 4265 2404 4328 dolores.
2430 4265 2719 4347 Cumque
2738 4263 3147 4345 persecutores
