3620 5680
1025 508 1122 600 42
1810 464 1812 467 ²
1889 538 1897 551 ·
1960 497 2172 599 (326)

1034 752 1245 815 tatem,
1269 737 1372 798 ubi
1404 738 1535 798 haec
1566 735 1866 819 particula
1895 736 2241 814 servaretur,
2273 737 2332 796 in
2357 735 2454 798 sua
2473 736 2683 813 statua,
2710 733 2861 797 ficut
2890 736 3099 813 fertur,

1034 826 1095 888 in
1142 827 1276 888 foro
1309 824 1696 889 Constantini
1752 821 1943 906 posita
1989 822 2164 905 super
2209 823 2563 886 columnam
2606 825 3098 907 porphyreticam

1033 914 1255 976 devote
1301 914 1595 976 condidit.
1638 912 1969 995 Reliquam
2010 935 2157 974 vero
2203 928 2437 994 partem
2485 914 2543 974 in
2588 929 2874 997 argentea
2923 914 3099 975 theca

1033 1001 1297 1064 clausam
1345 1003 1608 1065 civitatis
1658 1001 1904 1063 tradidit
1955 1001 2243 1063 sacerdoti
2295 1001 2355 1064 &
2403 1002 2673 1084 undique
2722 1020 3098 1084 congregans

1035 1089 1319 1169 ar'tifice8‚
1347 1090 1641 1152 maximas
1671 1087 1799 1149 illic
1829 1086 2190 1171 ornatasque
2217 1087 2545 1151 aedificavit
2573 1087 2872 1152 ecclefias.

1179 1222 1544 1289 [Caffiodorus,
1580 1222 1698 1291 Hist.
1726 1220 2003 1290 tripartita,
2028 1221 2062 1273 1.
2085 1223 2156 1287 ΙΙ,
2184 1239 2230 1274 c.
2255 1227 2312 1273 18
2345 1221 2577 1291 (Migne,
2605 1225 2743 1275 Patr.
2767 1221 2880 1288 lat„
2908 1224 3099 1286 LXIX,

1031 1322 1076 1357 c.
1110 1304 1266 1372 936),
1308 1320 1459 1371 quem
1506 1301 1751 1370 exscripsit
1790 1301 1908 1369 Hist.
1943 1301 2175 1369 miscella,
2215 1301 2247 1354 l.
2291 1303 2387 1367 XI,
2426 1318 2468 1354 c.
2510 1321 2590 1370 15,
2629 1304 2708 1356 ed.
2744 1301 3101 1372 Eyssenhardt,

1034 1404 1084 1455 p.
1122 1385 1262 1448 251.]

1115 1523 1313 1587 Cuius
1357 1521 1770 1605 [Constantini
1802 1521 1971 1604 imp.]
2019 1522 2395 1604 temporibus
2424 1523 2806 1605 completum
2834 1523 2920 1585 est
2947 1521 3095 1585 illud

1036 1612 1502 1696 propheticum:
1557 1637 1583 1669 e
1621 1607 1692 1673 In
1741 1610 1850 1673 illo
1899 1611 1997 1673 die
2045 1611 2179 1689 erit,
2228 1612 2394 1694 quod
2426 1613 2601 1696 super
2646 1613 2885 1674 frenum
2936 1612 3099 1695 equi,

1035 1700 1306 1762 sanetum
1352 1699 1636 1762 Domino
1690 1699 2101 1780 omnipotenti
2141 1724 2166 1755 a>
2223 1700 2465 1782 (Zach.,
2521 1719 2653 1780 xw,
2715 1710 2832 1774 20).
2902 1699 3097 1786 Quod

1036 1788 1139 1850 illa
1195 1787 1414 1850 sanctae
1463 1789 1778 1851 memoriae
1840 1786 2080 1850 Helena
2141 1806 2333 1852 mater
2377 1790 2528 1868 eius,
2580 1788 2774 1853 inffiso
2823 1789 2927 1852 fibi
2974 1787 3097 1851 Dei

1037 1875 1269 1956 spiritu,
1298 1876 1610 1939 revelavit.

1119 1989 1143 2021 ‹
1182 1964 1405 2029 Beatus
1454 1964 1892 2030 Constantinus
1950 1966 2050 2028 tali
2100 1981 2367 2048 parente,
2424 1987 2562 2048 quae
2604 1967 2926 2047 imperanti
2970 1964 3123 2027 filio·

1037 2052 1229 2115 divini
1261 2056 1527 2116 muneris
1567 2052 1839 2136 quaefivit
1867 2054 2183 2134 auxilium,
2230 2077 2355 2137 quo
2401 2056 2557 2116 inter
2600 2053 2807 2136 praelia
2850 2074 3100 2137 quoque

1037 2157 1201 2205 tutus
1242 2142 1521 2206 affisteret
1569 2144 1628 2206 &
1677 2144 2021 2224 periculum
2070 2165 2196 2207 non
2239 2145 2501 2206 timeret.
2556 2142 2792 2226 Magna
2828 2144 3102 2221 faemina,

1037 2253 1173 2314 quae
1202 2231 1398 2293 multo
1430 2232 1692 2314 amplius
1723 2234 1956 2295 invenit
1978 2235 2143 2316 quod
2176 2232 2530 2314 imperatori
2561 2232 2885 2311 conferret,
2915 2251 3100 2315 quam

1037 2321 1202 2402 quod
1247 2319 1322 2380 ab
1372 2320 1739 2401 imperatore
1790 2322 2113 2404 acciperet.
2165 2321 2371 2383 Anxia
2411 2335 2604 2382 mater
2647 2342 2760 2401 pro
2802 2319 2953 2399 filio,
3000 2319 3101 2382 cui

1038 2429 1292 2491 regnum
1338 2409 1500 2472 orbis
1548 2408 1818 2472 Romani
1861 2410 2129 2489 cefferat,
2172 2409 2472 2472 festinavit
2529 2409 2999 2496 Hierosolymam,
3041 2408 3101 2471 δε

1038 2494 1296 2559 scrutata
1323 2496 1408 2558 est
1436 2497 1644 2561 locum
1676 2497 2033 2562 Dominicae
2063 2499 2357 2580 passionis.

1122 2611 1147 2642 «
1197 2585 1597 2648 Stabulariam
1656 2587 1815 2648 hanc
1861 2588 2058 2669 primo
2101 2585 2269 2649 fuiffe
2318 2584 2597 2665 afferunt,
2656 2584 2735 2650 fic
2788 2587 3100 2668 cognitam

1040 2673 1403 2737 Constantio
1452 2673 1692 2753 seniori,
1752 2676 1856 2757 qui
1910 2676 2115 2757 postea
2162 2695 2418 2757 regnum
2467 2674 2723 2757 adeptus
2772 2672 2873 2735 est.
2927 2673 3103 2735 Bona

1038 2761 1378 2840 stabularia,
1419 2785 1556 2845 quae
1608 2779 1732 2825 tam
1794 2763 2118 2848 diligenter
2162 2762 2425 2847 praesepe
2476 2762 2734 2825 Domini
2776 2759 3102 2846 requisivit.

1040 2848 1215 2910 Bona
1243 2848 1581 2930 stabularia,
1622 2874 1759 2935 quae
1787 2852 2177 2914 stabularium
2206 2873 2330 2914 non
2363 2851 2662 2933 ignoravit
2690 2850 2883 2934 illum,
2935 2877 2960 2908 «
2997 2850 3102 2932 qui

1041 2963 1068 2995 c
1097 2938 1352 3002 vulnera
1380 2942 1613 3002 curavit
1641 2962 1676 3002 a
1703 2940 2038 3003 latronibus
2067 2940 2362 3003 vulnerati
2393 2965 2417 2997 »
2456 2940 2657 3020 (Luc.,
2679 2960 2743 3018 x,
2779 2941 2898 3023 34).
2929 2939 3103 3002 Bona

1043 3026 1383 3109 stabularia,
1413 3051 1549 3111 quae
1573 3029 1788 3093 maluit
1822 3054 1847 3086 α
1875 3027 2150 3091 aestimari
2178 3028 2458 3108 stercora,
2487 3044 2553 3091 ut
2576 3027 2889 3092 Christum
2911 3027 3100 3090 lucri-

1045 3140 1069 3173 «
1100 3116 1322 3179 faceret
1345 3142 1369 3174 »
1397 3116 1663 3199 (Philip,
1684 3137 1775 3196 111,
1791 3118 1871 3199 8).
1889 3115 2039 3179 Ideo
2070 3116 2236 3178 illam
2260 3118 2533 3182 Christus
2556 3116 2631 3179 de
2653 3118 2918 3180 stercore
2940 3118 3102 3179 leva-

1044 3205 1132 3266 vit
1163 3207 1234 3266 ad
1266 3226 1522 3288 regnum
1552 3205 1885 3268 secundum
1914 3204 2079 3288 quod
2111 3203 2398 3286 scriptum
2427 3205 2541 3268 est:
2597 3232 2622 3263 «
2661 3203 2835 3291 Quia
2868 3204 3104 3267 suscitat

1045 3318 1072 3350 <z
1111 3292 1186 3355 de
1218 3309 1374 3356 terra
1403 3295 1676 3376 inopem,
1713 3293 1773 3358 &
1802 3294 1878 3356 de
1914 3292 2181 3356 stercore
2210 3294 2389 3377 erigit
2419 3315 2751 3377 pauperem
2787 3319 2811 3351 »
2846 3293 3104 3371 (Psalm.,

1043 3401 1196 3461 exn,
1265 3392 1302 3455 ).

1125 3497 1149 3529 e
1203 3400 1395 3535 &enit
1444 3492 1591 3554 ergo
1634 3471 1901 3550 Helena,
1941 3472 2134 3553 coepit
2179 3470 2431 3532 revisere
2470 3470 2608 3532 loca
2635 3469 2855 3548 saneta,
2883 3470 3104 3532 infudit

1041 3560 1094 3621 ei
1142 3559 1380 3643 spiritus
1423 3577 1491 3622 ut
1535 3558 1766 3642 lignum
1805 3560 2003 3623 crucis
2040 3560 2394 3642 requireret,
2438 3558 2674 3621 accessit
2713 3557 2786 3620 ad
2835 3558 3104 3640 Golgotha

1043 3648 1102 3710 &
1125 3650 1239 3711 ait:
1277 3674 1303 3706 α
1332 3647 1499 3711 Ecce
1523 3647 1695 3711 locus
1720 3669 1961 3730 pugnae,
1990 3648 2093 3709 ubi
2118 3647 2202 3710 est
2222 3646 2505 3709 vietoria?
2540 3645 2779 3732 Quaero
2810 3645 3103 3708 vexillum

1045 3762 1070 3794 ι
1111 3736 1312 3800 salutis
1363 3737 1423 3800 δε
1472 3758 1598 3799 non
1653 3736 1917 3798 invenio,
1978 3734 2137 3819 Ego,
2188 3737 2407 3818 inquit,
2456 3736 2516 3810 in
2577 3737 2796 3817 regnis,
2844 3733 2905 3797 δι
2952 3756 3104 3798 crux

1047 3850 1071 3882 ς
1111 3824 1373 3887 Domini
1421 3826 1481 3887 in
1534 3823 1826 3907 pulvere?
1882 3844 1996 3906 ego
2046 3824 2112 3886 inv
2157 3825 2372 3903 aureis,
2419 3822 2480 3885 &
2528 3824 2589 3885 in
2638 3824 2827 3886 ruinis
2878 3822 3103 3888 Christi

1045 3938 1071 3971 α
1108 3911 1484 3994 triumphus?
1529 3911 1632 3974 ille
1681 3911 1880 3974 adhuc
1933 3913 2081 3975 latet
2120 3912 2180 3975 &
2221 3911 2370 3975 latet
2411 3910 2613 3994 palma
2637 3912 2781 3974 vitae
2819 3910 3095 3974 aeternae?

1047 4025 1071 4057 ‹
1114 3999 1462 4086 Quomodo
1508 4022 1606 4063 me
1648 4001 2030 4083 redemptam
2060 4000 2344 4080 arbitror,
2382 3999 2425 4063 fi
2453 4000 2797 4082 redemptio
2829 3999 2951 4083 ipsa
2978 4020 3103 4061 non

1047 4113 1074 4145 ι
1112 4088 1426 4151 cernitur?
1463 4114 1488 4146 ›

1128 4202 1155 4234 <z
1205 4178 1398 4240 Vides
1446 4177 1591 4259 quid
1639 4178 1857 4260 egeriS,
1902 4176 2165 4256 diabole,
2202 4192 2267 4239 ut
2308 4176 2541 4260 gladius
2582 4198 2707 4260 quo
2751 4191 3104 4259 peremptus

1047 4290 1073 4326 ς
1110 4286 1193 4346 es,
1223 4266 1644 4329 obstrueretur.
1690 4266 1804 4330 Sed
1837 4264 2000 4328 Isaac
2030 4264 2372 4330 obstrud‘tos
2402 4266 2477 4327 ab
2506 4265 2863 4349 alienigenis
2885 4280 3105 4350 puteos
