3620 5680
1054 513 1150 608 98
1982 516 2193 611 (400)

1177 751 1506 837 Postquam
1536 754 1821 817 Romana
1851 755 2103 819 discessit
2132 757 2392 819 Alexius
2421 757 2590 835 urbe,

1175 841 1439 991 l{uestio
1468 842 1557 922 fit,
1585 843 1831 927 sponsus
1862 847 1961 909 ubi
1995 844 2094 923 fit3
2123 847 2219 910 sed
2249 869 2374 909 non
2404 846 2722 929 reperitur.

1234 952 1344 1014 rgo
1376 946 1544 1013 pater
1571 931 1772 997 servos
1805 950 2005 1017 partes
2036 934 2379 997 transmittit
2408 935 2468 996 in
2500 955 2735 1012 omneS,

1177 1016 1360 1102 Quot
1389 1019 1585 1083 subito
1619 1038 1912 1107 peragant
1941 1022 2001 1085 δε
2031 1038 2332 1106 temptant
2362 1042 2631 1107 quaerere
2660 1021 2956 1103 sponsum.

1176 1106 1316 1169 Nec
1348 1130 1493 1170 mox
1525 1108 1866 1174 discurrunt
1896 1113 2129 1174 domini
2160 1113 2492 1196 quaerendo
2524 1111 2799 1189 ministri,

1174 1195 1370 1279 Ediffl
1397 1198 1652 1261 veniunt
1679 1200 1931 1282 quidam
1961 1200 2034 1263 ad
2068 1201 2297 1265 moenia
2325 1200 2493 1263 missi.

1174 1280 1344 1347 Inter
1375 1287 1694 1350 mendicos
1725 1285 2021 1351 residebat
2050 1289 2310 1354 Alexius
2339 1288 2461 1351 ille.

1174 1372 1240 1434 N
1243 1395 1314 1436 ec
1344 1390 1548 1439 tamen
1571 1379 1736 1441 hunc
1764 1378 2042 1458 noscunt,
2079 1378 2174 1441 sed
2201 1378 2261 1441 δε
2288 1379 2390 1441 hic
2420 1377 2576 1439 bene
2603 1390 2856 1437 noverat
2876 1373 3033 1437 illos.

1174 1461 1232 1522 A
1267 1466 1531 1546 propriis
1560 1467 1805 1530 famulis
1833 1470 2103 1550 gaudens
2134 1469 2234 1551 pia
2262 1470 2425 1529 dona
2455 1465 2703 1547 recepit.

1173 1547 1338 1633 Ergo
1371 1551 1517 1616 Deo
1549 1554 1758 1617 retulit
1789 1572 2005 1640 grates,
2035 1579 2285 1640 quoque
2314 1555 2458 1618 talia
2485 1553 2663 1615 dixit:

1175 1663 1199 1695 e
1237 1638 1459 1702 Reddo
1490 1642 1637 1705 Deo
1667 1659 1888 1727 grates,
1918 1645 2083 1728 quod
2115 1642 2195 1707 fic
2226 1666 2345 1724 me,
2374 1641 2635 1720 Christe,
2664 1639 2896 1719 iuvasti,

1175 1751 1200 1783 e
1238 1728 1329 1790 Ut
1358 1751 1479 1812 que
1507 1731 1735 1814 cepisti,
1766 1755 1918 1818 rogo
1950 1732 2229 1816 perficias
2260 1735 2321 1797 in
2352 1755 2471 1812 me,

1176 1840 1201 1872 e
1238 1815 1356 1879 Me
1385 1818 1568 1883 facias
1595 1822 1785 1883 vitam
1815 1823 2126 1905 complere
2157 1822 2278 1885 fine
2309 1823 2502 1885 beate.
2538 1845 2565 1877 2

1171 1903 1358 1967 Hunc
1388 1928 1514 1970 non
1545 1910 1884 1990 inveniunt,
1914 1912 2150 1974 fuerant
2179 1913 2284 1994 qui
2314 1931 2584 1995 quaerere
2615 1908 2780 1971 missi.

1172 1991 1335 2056 Mox
1364 1998 1617 2061 veniunt
1647 1998 1707 2061 δε
1734 2021 1861 2061 non
1890 2000 2158 2063 referunt
2188 2003 2288 2084 pia
2314 1999 2535 2084 gaudia
2563 1997 2734 2080 patri.

1170 2177 1419 2260 Septem
1449 2205 1592 2245 cum
1622 2185 1795 2248 denis
1824 2186 1907 2248 ibi
1940 2186 2151 2249 manfit
2180 2186 2438 2249 Alexius
2468 2184 2661 2262 annis,

1146 2266 1309 2330 -Post
1339 2285 1575 2334 tantum
1605 2289 1846 2357 tempus
1876 2275 2081 2339 nullus
2112 2275 2506 2358 cognoscerat
2535 2272 2675 2358 (stc)
2703 2271 2899 2333 illum.

1169 2356 1508 2423 Notificare
1535 2362 1750 2427 volens
1779 2365 1911 2427 eius
1938 2365 2128 2427 vitam
2159 2366 2257 2447 pia
2287 2365 2508 2447 Virgo,

1168 2446 1349 2510 Dixit
1378 2449 1612 2512 custodi
1643 2452 1908 2515 Domini
1938 2454 2247 2536 genitricis
2274 2474 2496 2536 ymago
2520 2473 2535 2513 :

1172 2560 1197 2592 e
1233 2532 1531 2601 Introduc
1561 2540 1860 2602 famulum
1890 2544 2198 2625 quendam
2225 2542 2495 2604 nostrum
2527 2539 2953 2623 peregrinum3

1171 2648 1196 2680 e
1234 2623 1341 2686 Est
1368 2628 1598 2689 etenim
1626 2629 1788 2694 coelo
1821 2652 2076 2713 magnus
2106 2652 2354 2714 quoque
2384 2629 2603 2713 dignus
2631 2628 2884 2688 honore.
2921 2650 2946 2681 >

1170 2713 1499 2779 Accelerat
1527 2718 1729 2781 custos
1758 2718 2057 2782 Dominae
2086 2719 2369 2782 mandata
2395 2716 2645 2800 replere.
2709 2738 2712 2742 ·

1168 2800 1282 2864 Ast
1309 2803 1467 2867 inter
1496 2806 1766 2891 reliquos
1797 2810 2014 2892 inopes
2042 2831 2169 2872 non
2199 2824 2456 2872 noverat
2483 2805 2678 2869 illum.

1172 2890 1336 2954 Mox
1368 2896 1668 2978 templum
1700 2895 1963 2960 Domini
1998 2897 2340 2964 Genitricis
2370 2895 2628 2958 Alexius
2659 2894 2859 2955 intrat.

1173 2979 1317 3043 Hoc
1347 2983 1576 3045 fastum
1605 2985 1954 3071 divolgatur
1984 2986 2334 3070 sanctusque
2366 2984 2673 3068 probatur.

1172 3069 1266 3131 Ut
1293 3074 1498 3134 veniat
1534 3072 1787 3161 Tarstm,
1815 3075 2109 3139 Laudocia
2136 3075 2344 3138 littora
2371 3073 2618 3137 scandit.
2655 3097 2680 3130 ι

1191 3239 1544 3312 [Anonymus,
1574 3243 1759 3311 Vitas.
1793 3244 1985 3312 Alexij,
2012 3263 2095 3298 vv.
2126 3224 2312 3312 29-5i,
2341 3248 2518 3310 62·69,
2543 3259 2712 3308 77-79
2740 3241 2926 3311 (IL-F.
2949 3242 3108 3297 Maff-

1046 3335 1217 3385 mann,
1242 3322 1394 3375 Sana
1414 3321 1623 3376 Alexius
1653 3327 1828 3391 Leben,
1852 3343 1934 3395 pp.
1969 3326 2252 3392 177·179).]
2734 3329 2744 3341 ⁸

1170 3518 1195 3551 c
1255 3494 1519 3577 Sponsus
1550 3498 1678 3560 exit
1707 3498 2064 3578 thalamum,
2092 3499 2298 3582 sponsa
2324 3520 2456 3562 rem
2486 3499 2742 3560 mirante

1250 3583 1334 3646 Et
1365 3584 1687 3669 frigentem
1717 3587 2011 3650 lefi’tulu‘m
2040 3588 2308 3651 lacrimis
2337 3602 2603 3666 rorante,

1252 3671 1336 3734 Et
1365 3689 1573 3755 parato
1603 3676 1807 3739 navita
1836 3697 2056 3739 navem
2087 3692 2463 3760 praeparante

1244 3756 1469 3823 Fertur
1496 3761 1830 3826 Laodiciam
1859 3764 2005 3828 Deo
2037 3765 2440 3848 prosperante.

1166 3844 1394 3912 Forma
1424 3849 1647 3914 Christi
1679 3854 1952 3936 corporis
1980 3869 2107 3917 erat
2134 3870 2281 3916 tunc
2309 3852 2511 3936 Edezffl’

1247 3935 1462 4023 Quam
1492 3962 1618 4003 non
1647 3964 1806 4025 opus
1835 3941 2104 4006 hominis
2133 3940 2466 4005 afferebant
2494 3938 2643 4018 ess'e3

1243 4024 1432 4109 Rapit
1459 4028 1581 4091 huc
1611 4028 1870 4093 Alexius
1899 4031 2012 4093 iter
2039 4030 2344 4110 indefesse,

1244 4112 1522 4198 Erogans
1551 4117 1613 4178 in
1646 4140 1985 4200 pauperum
2016 4120 2267 4202 propria
2290 4116 2543 4183 necesse.

1165 4202 1331 4267 Cum
1361 4205 1574 4270 diebus
1601 4204 1846 4290 lingulis
1874 4207 2082 4270 villam
2111 4208 2419 4289 circuiret,

1242 4293 1333 4357 Ut
1361 4295 1643 4359 ciborum
1672 4299 1918 4381 copiam
1948 4320 2227 4383 quaerens
2256 4301 2574 4378 inveniret,
